3016 5204
584 441 679 536 ¹aa

167 653 264 718 lacile
289 607 478 716 assentimur
507 649 706 716 Frandsenio
742 650 808 742 (ι),
848 651 1025 743 Augustum
1058 655 1149 722 illum

166 770 279 854 fuisse,
310 769 363 859 qui
386 769 535 836 Praetori
554 769 716 862 Agrippae
737 773 929 838 necessarios
944 783 1064 839 sumtus
1078 797 1150 864 sup·

167 889 372 981 peditaverit.

212 1010 296 1076 Tum
322 1009 364 1075 A.
391 1009 432 1075 U.
453 1007 492 1075 C.
515 1031 600 1097 717,
624 1006 762 1097 ideoque
783 1009 862 1074 item
882 1025 956 1075 ante
970 1010 1149 1102 legitimum

165 1147 314 1220 tempus,
339 1127 457 1197 Consul
479 1127 580 1192 factus
594 1137 660 1212 est,
684 1143 718 1193 et
737 1150 813 1192 mox
828 1151 894 1193 non
911 1127 1010 1192 modo
1028 1129 1070 1194 ab
1086 1129 1150 1194 Au·
1217 1163 1219 1168 ·

165 1262 263 1340 gusto
288 1246 351 1312 dux
374 1245 494 1312 electus
523 1244 648 1328 classis,
672 1262 787 1312 contra
807 1244 939 1311 Sextum
957 1245 1149 1337 Pompejum

167 1381 383 1458 pugnaturum
413 1387 524 1430 verum
556 1365 654 1430 etiam
683 1380 757 1455 post
784 1364 921 1431 feliciter
944 1365 1149 1432 commissum
1178 1455 1181 1460 y

168 1485 282 1551 navale
297 1483 453 1575 praelium
468 1484 509 1549 ab
524 1482 641 1550 eodem
665 1482 803 1549 donatus
826 1499 874 1549 est
896 1487 1016 1550 corona
1033 1486 1148 1568 aurei,

168 1605 235 1670 sive
259 1603 384 1687 navali,
413 1604 480 1669 sive
505 1607 661 1687 rostrati,
692 1604 760 1670 sive
781 1626 974 1693 quoounque
999 1603 1064 1670 alio
1091 1628 1151 1671 no·

168 1725 259 1788 mine
282 1721 330 1810 (a)
352 1721 544 1812 appellanda
567 1721 620 1790 sit.

214 1838 339 1906 Deinde
362 1855 436 1931 post
455 1840 627 1931 gloriosam
653 1841 823 1907 victoriam
843 1839 931 1930 apud
954 1842 1085 1908 Actium
1108 1840 1149 1908 de

170 1959 313 2025 Antonio
339 1970 538 2048 reportatam
566 1932 692 2048 aceepit
717 1961 877 2050 Agrippa,
910 1963 999 2047 cujus
1028 1981 1151 2026 summa

168 2080 266 2145 virtus
290 2080 323 2146 in
346 2079 405 2144 illo
426 2079 552 2168 proelio
581 2077 663 2144 adeo
687 2080 845 2162 eluxerat,
869 2094 907 2144 ut
925 2079 994 2169 ip'se
1015 2102 1051 2146 re
1076 2081 1151 2146 veni

166 2199 275 2265 victor
300 2198 433 2264 Antonii
458 2193 569 2263 haberi
598 2197 732 2280 debeat,
756 2197 889 2264 honoris
912 2199 1006 2263 causA
1027 2199 1068 2264 ab
1084 2198 1149 2264 Au·

168 2332 281 2408 gusto,
303 2316 455 2383 vexillum
479 2316 661 2383 caeruleum
687 2317 747 2406 (3).
794 2316 859 2382 Tot
880 2339 918 2382 aa
939 2326 1030 2384 tanta
1050 2318 1151 2384 victo·

169 2436 288 2500 riarum
315 2436 461 2526 praemia
486 2435 627 2502 animum
641 2435 776 2526 Augusti
800 2451 956 2501 testantur
970 2436 1147 2520 sincerum,

171 2553 245 2641 quia
260 2553 443 2644 Principes,
466 2555 566 2642 qualis
580 2555 644 2620 iam
661 2570 729 2620 erat
749 2554 1028 2645 Augustus,·nilril
1052 2556 1152 2646 magis

169 2672 307 2755 timent,
332 2695 429 2761 quam
444 2673 615 2739 militarem
632 2675 830 2764 privatorum
845 2673 995 2764 gloriam.
1039 2674 1151 2740 Caete-

169 2813 221 2856 ros
242 2789 353 2857 laudes
371 2814 465 2883 posse
478 2791 686 2876 dissimulari,
710 2791 801 2857 ducis
816 2793 895 2858 boni
909 2794 1151 2882 imperatoriam

170 2931 236 2974 ease
262 2910 409 3000 gloriam.
457 2912 592 2976 Animus
621 2911 754 3001 Augusti
769 2908 822 2976 hio
847 2913 947 3005 magis
977 2911 1101 2997 elucet,
1124 2915 1151 2977 si

171 3047 244 3090 cum
259 3031 460 3117 sequentibus
475 3031 665 3096 Caesaribus
681 3045 898 3120 comparetur.
944 3031 1071 3098 Tacitus
1086 3032 1150 3098 hoc

169 3145 281 3210 vitium
296 3150 330 3212 in
344 3150 384 3214 iis
398 3171 493 3239 saepe
508 3147 726 3240 reprehendit.

214 3264 318 3332 Porro
338 3265 424 3334 idem
441 3269 584 3359 Agrippa
599 3291 672 3334 cum
688 3241 1015 3358 Augustocensurarn
1036 3271 1101 3360 egit
1117 3285 1150 3336 et

175 3537 497 3552 human—*a-

199 3682 243 3751 (1)
261 3683 320 3735 Lib.
338 3683 409 3738 laud.
426 3703 487 3756 pag.
504 3688 549 3739 59.

200 3765 244 3834 (2)
263 3766 329 3818 Vall.
354 3768 410 3820 Pet.
435 3768 496 3822 Lib.
521 3768 557 3820 11.
581 3785 639 3839 oap.
663 3769 709 3824 81.
732 3769 822 3823 Livius
846 3788 890 3842 ep.
914 3771 976 3827 129.
999 3771 1099 3828 sanam
1119 3772 1153 3825 ‹la

263 3850 352 3904 benef.
374 3853 435 3905 Lib.
448 3853 497 3910 lll.
517 3871 575 3922 osp.
588 3854 633 3906 92.
657 3853 727 3908 Plin.
742 3854 809 3912 llist.
823 3855 883 3910 Nat.
897 3855 957 3910 Lib.
972 3857 1043 3910 ΧΠ.
1056 3875 1113 3929 oap.
1126 3860 1154 3912 1.

263 3935 338 4004 Vlrg.
363 3934 432 3990 Aen.
456 3937 517 3992 Lib.
535 3937 606 3990 Vlll.
623 3956 662 3990 ra.
681 3938 742 3992 691.
778 3937 855 3993 ovid.
872 3957 913 3992 ara
931 3951 1008 3994 amat.
1027 3941 1088 3996 Lib.
1104 3942 1152 3995 lll.

260 4025 303 4073 ra.
317 4020 379 4073 392.
397 4020 446 4073 llio
464 4023 538 4076 Gaas.
554 4021 615 4074 Lib.
633 4021 725 4074 xm.
744 4040 802 4093 oapa
821 4024 863 4076 11.

199 4103 243 4174 (3)
263 4103 311 4156 llio
331 4103 403 4158 Gaas·
423 4103 483 4158 Lib.
501 4106 545 4161 tl.
563 4124 620 4175 cap.
638 4106 681 4160 21.
