3016 5204
812 470 831 530 4

332 686 377 750 ita
392 684 474 767 sint,
499 683 567 771 quis
584 697 646 765 est,
669 681 722 770 qui
749 704 816 747 non
831 679 958 766 videat,
984 681 1024 748 ad
1042 685 1204 776 Agrippae
1221 687 1317 753 vitam

333 819 422 869 recte
437 798 676 892 intelligendam
693 800 850 890 imprimis
866 801 991 885 valere,
1010 819 1044 868 ut
1060 806 1215 890 sciamus,
1241 829 1318 896 qua·

333 922 373 987 lis
396 919 535 985 amicitia
557 919 691 1010 Augusti
714 930 746 984 et
770 919 933 1010 Agrippae
955 921 1088 987 fueriti·

379 1039 469 1104 Haec
492 1039 588 1128 igitur
609 1037 746 1102 amicitia
770 1039 810 1102 ab
834 1041 982 1104 omnibus
997 1041 1064 1108 fere
1085 1043 1239 1109 historiae
1255 1043 1318 1110 llo·

337 1181 452 1224 manae
469 1156 677 1246 scriptoribus
695 1155 869 1223 admodum
887 1157 1053 1226 laudatur:
1076 1185 1186 1227 verum
1202 1161 1321 1227 Fraud-

335 1276 442 1342 senius
461 1276 545 1340 hanc
568 1274 672 1364 ipsam
689 1275 863 1341 amicitiam
881 1279 981 1368 magis
998 1301 1036 1344 ex
1052 1280 1218 1368 utriusque
1234 1303 1321 1346 com·

335 1395 437 1462 modo
455 1409 487 1460 ct
502 1394 636 1484 privatis
652 1394 793 1460 consiliis
810 1387 1007 1480 constitisse,
1033 1414 1129 1486 quam
1146 1422 1187 1464 ex
1201 1399 1322 1464 auimo·

335 1537 408 1580 rum
429 1529 543 1579 mutuo
567 1535 724 1578 consensu
745 1529 852 1579 ortam
874 1538 941 1580 esse
957 1517 1096 1605 probare
1113 1533 1246 1583 conatus
1261 1533 1321 1584 est.

337 1630 435 1716 Quod
459 1647 567 1697 utrum
590 1653 684 1715 vere,
710 1655 751 1697 an
773 1655 879 1717 secus,
903 1635 943 1698 ab
965 1657 1006 1700 eo
1028 1634 1149 1700 factum
1170 1637 1230 1719 sit,
1254 1637 1320 1702 hoc

337 1753 442 1842 capite
464 1751 672 1840 inquiremus.

379 1989 524 2056 Primum
534 1990 647 2081 igitur,
663 1986 750 2077 quod
766 1986 807 2054 ad
822 1989 992 2078 pueritiam
1004 1989 1166 2080 Agrippae
1177 2002 1319 2081 spectat,

337 2106 513 2175 dolendum
538 2109 672 2174 omnino
700 2122 767 2191 est,
798 2107 839 2174 de
865 2109 902 2172 ei
917 2109 998 2173 nihil
1020 2108 1089 2174 fere
1116 2106 1157 2174 ad
1177 2125 1320 2176 nostram

337 2229 486 2294 notitiam
502 2228 694 2316 pervenisse.
731 2226 902 2292 Praeterea
919 2241 1010 2292 certo
1027 2225 1177 2293 affirmari
1194 2230 1320 2316 nequit,

338 2371 420 2436 quae
435 2347 539 2436 prima
555 2368 649 2411 causa
663 2345 822 2412 amicitiae
841 2346 926 2411 iuter
941 2361 1093 2435 utrosque
1108 2347 1193 2412 viros
1210 2347 1318 2417 suerit.

337 2465 462 2532 Scimus
489 2463 616 2555 quidem
639 2465 712 2530 illos
733 2464 825 2529 simul
847 2463 1042 2555 Apolloniae
1062 2465 1174 2550 inisse,
1197 2465 1252 2533 sed
1278 2488 1320 2533 an

339 2587 421 2654 alter
443 2585 578 2652 alterurn
600 2585 724 2650 Romae
748 2587 813 2671 jam
837 2599 931 2649 antea
954 2586 1157 2675 cognoverit,
1186 2586 1320 2652 omnino

337 2707 498 2772 incertum
516 2719 573 2771 ast.
619 2703 707 2769 Dicit
723 2701 852 2791 quidem
868 2703 1071 2770 Weichertus
1086 2704 1133 2794 (1)
1150 2720 1320 2796 postquam

337 2839 443 2892 autem
457 2823 624 2916 (Agrippa)
639 2848 661 2887 a
672 2835 766 2912 patre
780 2825 912 2888 Romam
928 2823 1081 2888 deductus
1097 2838 1129 2890 et
1143 2824 1319 2892 rhetoribus

336 2948 464 3012 mnis
486 2945 680 3033 Graecisque
704 2950 739 3007 in
762 2941 964 3030 disciplinam
986 2942 1081 3007 datus
1091 2942 1226 3032 fuerat,
1250 2951 1320 3010 sina

336 3065 436 3144 datto„
447 3065 540 3155 forte
553 3059 695 3154 fortunii
709 3061 845 3144 accidit,
870 3074 905 3125 ut
918 3063 1065 3150 Augusto
1081 3062 1216 3128 subinde
1233 3070 1322 3128 inno-

338 3197 471 3251 tesceret
493 3195 590 3272 atque
615 3179 745 3263 iisdem,
769 3177 884 3270 quibus
906 3180 975 3266 illa,
1000 3203 1076 3244 usus
1090 3187 1254 3268 magistris
1268 3205 1321 3246 arr·

340 3313 420 3372 tiore
434 3301 665 3392 familiaritate
687 3301 951 3388 conjungeretur,
975 3296 1032 3364 sed
1046 3299 1112 3363 hoc
1128 3299 1216 3366 nullo
1233 3299 1321 3366 testi·

338 3425 452 3491 monio
478 3421 595 3487 veteris
626 3419 756 3506 alicujus
784 3419 949 3508 scriptoris
977 3417 1152 3507 probatur,
1182 3415 1320 3508 ideoque

339 3541 401 3634 pro'
414 3542 503 3606 meri
516 3539 701 3626 conjectura
713 3535 939 3604 tantummodo
950 3537 1136 3604 habendum
1149 3552 1209 3604 est.
1235 3535 1322 3618 Quo·

340 3661 566 3747 modocunque
581 3681 659 3724 varo
671 3659 737 3723 hoc
752 3681 786 3723 se
802 3657 966 3742 habuerit,
981 3657 1090 3748 negari
1104 3656 1237 3722 omnino
1253 3679 1319 3724 non

340 3797 464 3872 potest,
488 3780 573 3844 inter
592 3778 665 3842 illos
689 3777 881 3867 Apolloniae
898 3776 1091 3858 amicitiam,
1116 3775 1175 3840 nisi
1194 3789 1317 3856 ortatu,

340 3915 427 3966 certe
449 3897 671 3967 confirmatam
692 3895 802 3982 fuisse,
824 3897 870 3962 uti
893 3897 1040 3962 norimus
1057 3912 1121 3960 tam
1139 3919 1179 3960 ex
1195 3893 1320 3978 Vellajo

374 4155 417 4225 (1)
436 4154 496 4208 ttb.
513 4153 585 4208 trud.
603 4169 662 4224 pag.
681 4151 723 4206 84.
