3016 5204
814 411 861 476 w,

355 645 458 712 neque
485 647 547 720 ega
579 625 616 694 in.
647 625 710 692 illis
740 622 845 693 verbis
873 622 1055 714 quidquam
1082 624 1369 694 ridiculiinesse

353 739 460 808 video.
507 745 558 810 An
582 743 753 812 ridiculum
774 743 888 812 uacari
910 760 1051 812 ureretur
1060 745 1205 832 aliquem
1222 757 1363 812 contm

356 859 520 949 vulgarem
541 862 693 930 nascendi
714 866 873 932 munnam
896 878 1007 930 aarum
1027 861 1118 930 assei¹
1162 861 1236 929 Hoc
1251 863 1365 930 allia·-

358 999 447 1046 mare
471 980 568 1064 velle,
591 980 761 1048 ridiculum
786 983 883 1050 foret.
930 983 1100 1051 Praeterea
1112 982 1361 1048 tantummodo

359 1098 458 1164 refert
487 1099 629 1184 Plinius,
653 1100 731 1190 quid
756 1103 808 1167 alii
843 1099 1055 1186 crediderint,
1077 1125 1157 1168 noa·
1173 1101 1250 1190 quid
1269 1102 1358 1192 ipse

359 1216 401 1284 de
427 1219 488 1284 hac
516 1243 552 1286 re
577 1222 733 1288 statuerit.
779 1220 903 1288 Deinde
932 1219 1019 1310 quod
1047 1221 1088 1289 ad
1114 1221 1263 1286 mucium
1280 1224 1358 1311 ju-

360 1351 484 1405 ventam
509 1340 671 1431 Agrippae
697 1351 841 1432 spectat,
857 1341 913 1408 de'
931 1343 978 1424 ea
1002 1341 1082 1406 nihil
1108 1341 1176 1407 fere
1201 1341 1351 1425 sciurus,

360 1454 499 1546 ideoque
513 1459 700 1547 neutiquam
717 1460 877 1528 affirmare
888 1483 1076 1550 pascamus,
1088 1483 1154 1544 [aar
1162 1459 1225 1543 ,itte
1236 1458 1353 1526 dictio

360 1575 480 1642 miserti
491 1576 629 1666 juventii
651 1577 786 1646 ridicula
807 1581 919 1658 habeti
942 1594 975 1646 et
989 1578 1150 1664 nominari
1165 1579 1345 1646 mereatur.

360 1695 406 1762 Et
416 1695 501 1764 bella
517 1698 624 1763 civilia
640 1713 704 1764 tam
721 1697 778 1764 diu
793 1713 885 1764 erunt
900 1701 1060 1789 grassata,
1084 1707 1120 1762 ut
1136 1697 1200 1762 rari
1212 1714 1346 1780 esscat5

361 1837 498 1903 quorum
516 1818 665 1902 juventus
682 1817 759 1882 felix
776 1817 840 1882 dici
856 1819 998 1907 poterat.
1045 1815 1348 1907 PorroAg'ripparn

361 1935 532 2000 maximam
559 1937 643 2002 vitae
671 1937 854 2026 partemin
881 1936 978 2000 amnis
1002 1937 1180 2019 versatum,
1198 1935 1350 2024 ideoque·
1468 1937 1469 1941 ’

359 2053 474 2120 mortis
499 2055 643 2144 periculo
665 2056 791 2145 saepius
814 2055 994 2144 expositum
1012 2055 1127 2138 fuisse,
1146 2054 1278 2123 historia
1296 2077 1349 2120 aa·

363 2171 402 2234 tis
429 2194 587 2260 superque
617 2197 678 2238 nos
706 2173 818 2242 dccet.
847 2173 1018 2261 ·Denique
1045 2171 1251 2262 reprehendit
1275 2172 1346 2240 Ge·

360 2289 497 2356 bauerus
528 2291 668 2356 Plinium
699 2293 743 2358 oh
771 2291 827 2358 illa
855 2291 955 2358 verba
985 2298 1149 2382 amarique
1168 2301 1347 2384 pruegravr'

361 2418 489 2476 servitio
508 2426 541 2476 et
560 2412 623 2477 hac
644 2413 678 2476 in
701 2427 791 2500 parte
811 2411 935 2478 socium
950 2411 1070 2476 habere
1083 2410 1210 2476 videtur
1221 2411 1249 2475 F
1250 2410 1344 2478 rand·

362 2529 503 2614 senium‚
537 2531 593 2594 uhi
624 2527 722 2614 dicit,
760 2530 900 2595 Plinium
930 2530 1092 2596 immerito
1123 2531 1168 2594 ita
1199 2529 1340 2596 locutum

362 2671 449 2732 esse,
474 2647 562 2737 quod
581 2672 675 2716 socer
694 2650 853 2740 Augustus
869 2671 942 2714 cum
957 2671 1075 2739 genero
1092 2647 1236 2738 Agrippa
1250 2647 1340 2714 fami·

362 2767 485 2834 liariter
507 2767 640 2851 vixerit,
664 2765 864 2854 eundemque
889 2767 1064 2832 liberaliter
1083 2767 1263 2832 tractaverit
1276 2764 1331 2854 (r).

363 2885 428 2952 Sed
455 2888 521 2953 hoc
549 2903 612 2969 est,
641 2903 677 2951 ut
703 2888 807 2973 ajunt,
839 2883 961 2952 nodum
987 2886 1022 2949 in
1049 2884 1156 2972 scirpo
1179 2905 1338 2972 quaerere.

364 3005 487 3072 Plinius
511 3008 597 3072 enim
621 3006 754 3070 minime
778 3003 905 3070 videtur
926 3003 1099 3094 respexisse
1123 3000 1344 3069 tantummodo

364 3122 445 3190 illud
472 3140 600 3216 ternpus
621 3140 834 3214 postremum,
856 3144 916 3213 per
938 3121 1026 3211 rptad
1053 3122 1196 3213 Agrippa
1214 3137 1248 3186 et
1266 3120 1347 3186 lulla

365 3243 531 3310 connubio
560 3243 728 3330 conjuncti
751 3241 893 3320 fueraut,
918 3241 1097 3308 sedetiam
1124 3237 1349 3332 antecedentes

359 3382 480 3444 annas.
539 3357 654 3450 Neque
685 3361 782 3442 etiam
812 3358 899 3426 haud
929 3359 1101 3426 ridiculum
1129 3381 1196 3424 esse
1222 3357 1349 3424 ridetur

365 3476 667 3568 Gebauerc,.quod
681 3479 814 3546 rPlinius
832 3478 874 3545 de
894 3487 964 3546 aava·
985 3478 1137 3544 brevitate
1151 3478 1277 3544 lucutm
1289 3479 1348 3562 sit,

367 3619 465 3686 Qum
480 3598 624 3689 Agrippa
637 3595 681 3664 ad
697 3619 816 3666 annum
831 3599 942 3667 aeta'tie
955 3595 994 3664 51
1009 3597 1200 3687 pervenerit.
1229 3595 1347 3662 Nauae

1468 2575 1479 3000 l

367 3716 453 3784 enim
478 3739 608 3801 omnes,
633 3718 686 3806 qui
707 3733 795 3784 recte
820 3718 962 3808 sapiunt,
983 3717 1082 3782 eitam
1110 3737 1205 3804 quam
1229 3714 1346 3808 longis·
1478 3749 1479 3752 ¹

367 3837 481 3906 simam
510 3851 684 3926 precantur
712 3836 775 3921 illi,
798 3835 850 3926 qui
879 3837 1001 3927 optime
1024 3834 1065 3902 de
1089 3835 1192 3926 patrid
1217 3834 1345 3902 merittu

398 4090 441 4162 (l)
461 4095 520 4148 tib.
538 4093 610 4150 laud.
626 4110 688 4167 pag.
706 4095 748 4148 50.
