3016 5204
809 424 852 485 24

344 630 421 697 dere
447 632 601 722 potuisset
625 631 768 724 Augusto
792 647 977 724 perpetrare
1000 636 1146 724 injustam
1165 638 1321 726 caedem,

343 765 449 818 tamen
471 749 692 816 nihilosecius
711 773 855 818 summae
876 753 1107 844 imprudentiae
1122 757 1325 826 accusandus

341 885 443 955 esset,
474 868 562 958 quod
591 869 748 958 ejusmodi
779 873 946 940 consilium
977 873 1130 960 dedisset,
1161 875 1267 960 unde,
1291 880 1322 944 si

341 987 422 1056 illud
443 989 645 1077 rejiceretur,
667 987 704 1054 in
724 991 896 1056 maximum
916 993 1096 1082 periculum
1110 1017 1144 1062 se
1159 996 1227 1085 ipse
1242 1019 1322 1063 con·

340 1112 481 1196 jecturus
510 1106 642 1174 fuisset?
698 1108 815 1176 Jccose
840 1112 942 1201 magis
969 1110 1110 1181 dictumt
1142 1115 1194 1182 val
1224 1116 1327 1184 inter-

343 1227 425 1311 fice,
458 1226 510 1292 vel
536 1224 588 1292 fac
615 1231 787 1318 'generum
838 1228 982 1296 Tertium
1006 1253 1072 1298 non
1101 1247 1160 1300 est.
1212 1233 1317 1320 Illud,

342 1348 428 1432 scio,
450 1369 517 1412 non
531 1345 639 1414 facies.
686 1347 772 1438 Ergo
786 1347 883 1414 facies
897 1371 1060 1439 generum.

386 1707 445 1772 His
469 1705 634 1796 expositis,
671 1701 834 1770 videamus
859 1727 961 1787 nunc,
993 1705 1159 1794 quomodo
1184 1731 1219 1776 se
1245 1725 1319 1798 erga

339 1829 516 1917 Agrippam
537 1824 668 1914 gesserit
684 1825 858 1912 Augustus,
883 1839 917 1890 et
931 1824 1076 1916 Agrippa
1089 1827 1227 1895 vicissim
1243 1851 1322 1918 erga
1387 1847 1395 1856 ·

340 1950 540 2037 Augustum,
564 1943 588 2006 si
614 1940 762 2030 quidem,
786 1958 821 2006 ut
840 1943 976 2031 opinor,
998 1944 1085 2010 nulld
1106 1947 1230 2014 ratione
1250 1970 1323 2012 me-

339 2067 399 2131 lius
425 2061 563 2155 perspici
594 2065 734 2152 poterit,
766 2060 906 2150 quidde
933 2063 1050 2130 horum
1079 2063 1324 2134 duumviratum

340 2183 479 2249 amicitis
496 2179 700 2246 statuendum
715 2182 773 2264 sit,
794 2196 901 2246 utrum
915 2181 1038 2250 scilicet
1049 2183 1106 2254 itta
1118 2185 1260 2270 sincera,
1277 2210 1323 2252 an

338 2325 416 2368 vero
439 2300 513 2365 ficta
534 2298 642 2364 fucrit.

386 2420 546 2503 Quoniam
570 2439 666 2506 supra
690 2415 738 2506 (r)
757 2420 824 2504 jam
842 2417 996 2485 nonnulla
1017 2418 1153 2486 diximus
1168 2420 1209 2488 de
1225 2423 1322 2490 initio

342 2539 502 2606 amicitiae
525 2539 610 2602 inter
633 2537 692 2600 hos
720 2535 921 2618 duumviros,
946 2561 1031 2605 nunc
1064 2540 1257 2629 accedamus
1278 2543 1319 2610 ad

339 2658 419 2725 illud
442 2675 585 2746 tempus,
615 2678 680 2744 quo
705 2656 863 2746 Augustus
884 2679 953 2722 rem
971 2657 1134 2748 publicam
1156 2684 1318 2753 capessere

440 2777 491 2841 rit.

337 2801 542 2952 coediedemate
567 2884 743 2973 Agrippam
764 2885 831 2970 jam
849 2907 935 2952 anno
960 2887 1002 2952 U.
1025 2889 1063 2954 C.
1094 2893 1160 2978 714
1187 2890 1315 2958 Praeto-

340 3030 409 3072 rem
425 3005 540 3088 fuisse,
563 3023 661 3090 quum
674 3003 725 3066 vix
737 3002 923 3068 vicesimum
937 3007 1065 3072 tertium
1077 3010 1188 3075 aetatis
1201 3035 1319 3080 annum

340 3122 515 3214 attigisset,
539 3142 601 3185 nec
619 3130 728 3186 tamen
749 3121 890 3210 alioquin
905 3121 945 3188 ad
958 3123 1036 3188 illud
1052 3149 1165 3192 munus
1178 3129 1264 3194 hand
1276 3129 1321 3196 fa·

340 3244 403 3310 cile
420 3242 489 3330 quis
505 3255 580 3306 ante
597 3242 710 3306 aetatis
726 3262 846 3306 anuum
863 3241 1137 3334 quadragesimum
1153 3250 1321 3338 pervenire

340 3361 451 3429 solitus
474 3369 567 3425 esset.
615 3358 694 3441 Quis
712 3361 808 3450 igitur
823 3384 896 3427 eum
914 3361 954 3426 ad
970 3363 1055 3428 hunc
1072 3366 1229 3434 honorem
1244 3392 1319 3460 pro·

341 3479 464 3546 duxisse
480 3475 655 3572 censendus
670 3478 741 3543 est?
772 3479 852 3544 Mihi
868 3503 943 3547 sane
956 3482 1113 3574 Augustus
1130 3489 1320 3579 praecipuus

333 3610 457 3666 auctor
480 3598 573 3685 hujus
591 3598 724 3662 honoris
740 3598 774 3662 in
790 3599 965 3690 Agrippam
981 3602 1090 3668 collati
1113 3605 1209 3672 fuisse
1231 3607 1318 3674 vide·

344 3737 406 3786 tur.
452 3715 550 3798 Quod
574 3717 601 3780 si
622 3731 788 3806 praeterea
811 3717 1091 3786 animadvertimus
1112 3721 1153 3788 ad
1169 3726 1318 3814 splendo-

343 3861 412 3904 rem
445 3837 480 3901 in
512 3833 644 3901 edendis
677 3835 918 3925 Apollinaribus
949 3840 1032 3906 ludis
1067 3841 1316 3932 manifestatum,

365 4010 663 4028 *a

374 4101 417 4173 (ι)
438 4102 499 4172 rag.
519 4101 575 4154 ra
589 4101 615 4152 s.
