3016 5204
651 447 693 510 31

180 659 279 725 ratius
303 656 482 748 Agrippam
507 655 624 724 diserte
649 657 845 741 nominarit,
869 656 1013 724 dicemus
1039 656 1081 724 de
1101 657 1164 726 illis

182 777 308 844 Horatii
319 777 426 842 verbis
448 775 516 866 (1)t
563 777 743 843 Malthinus
766 783 882 842 tunicis
896 777 1044 843 demissis
1056 778 1165 844 ombu-

183 897 241 966 lat.
287 893 367 978 Quis
393 893 453 960 iste
480 893 655 962 Malthiuus
676 896 793 979 fuerit,
816 912 870 962 aut
897 918 992 987 quem
1015 898 1073 962 sub
1089 897 1166 964 ficto

182 1016 244 1083 isto
266 1013 398 1080 nomine
421 1012 590 1081 traducere
617 1015 756 1082 voluerit
775 1011 946 1100 Horatius,
972 1014 1013 1081 de
1039 1039 1081 1082 eo
1105 1018 1168 1083 riri

182 1133 274 1201 docti
294 1135 328 1199 in
349 1131 487 1200 diversas
507 1135 679 1201 sententias
705 1135 835 1202 abeunt.
879 1133 1034 1200 Nonnulli
1053 1151 1169 1226 putant

183 1253 406 1320 Maecenatem
435 1252 627 1344 significari,
652 1253 804 1341 quoniam
826 1253 882 1320 alii
895 1255 1070 1344 scriptores
1083 1269 1169 1322 rete·

184 1394 236 1438 res
253 1370 368 1436 similia
388 1369 431 1438 de
448 1372 515 1438 hoc
528 1372 599 1440 viro
615 1385 815 1438 amarunt.
859 1369 925 1438 Sed
941 1372 1020 1438 mihi
1036 1395 1103 1438 oon
1117 1395 1171 1440 re·

185 1490 314 1558 ritimile
331 1488 474 1572 videtur,
499 1490 672 1558 Horatium
693 1488 835 1558 ludibrio
851 1489 988 1558 diorum
1009 1513 1170 1582 exponere

181 1609 320 1677 voluisse
334 1609 527 1699 praesidium
539 1626 574 1676 et
590 1609 686 1678 dulce
701 1607 799 1676 decue
814 1629 919 1678 tuum.
953 1610 1019 1678 Alii
1034 1609 1171 1697 credunt

179 1729 267 1796 haec
292 1729 325 1794 in
340 1729 518 1820 Agrippam
533 1751 601 1796 mse
617 1727 717 1796 dicta.
762 1726 870 1811 Quum
892 1751 993 1814 vero,
1016 1743 1170 1818 quantum

183 1847 300 1928 sciam,
342 1871 440 1915 nemo
480 1861 626 1916 veterum
668 1847 761 1914 nobis
802 1849 978 1939 Agrippam
1018 1857 1170 1936 tanquam

184 1965 318 2034 mollem
355 1982 390 2034 et
425 1965 598 2034 delicatam
633 1967 800 2032 hominem
832 1965 1034 2058 depinxerit,
1067 1985 1171 2056 neque

179 2083 363 2152 istiusmodi
397 2083 500 2173 quid,
535 2084 631 2174 quale
663 2082 717 2150 hic
752 2085 796 2150 ab
832 2084 969 2152 Horatio
1006 2100 1168 2168 namatur,

177 2207 219 2270 iu
244 2205 351 2272 virum
382 2204 555 2272 militarem
580 2203 678 2294 vulgo
705 2202 819 2288 cadat,
846 2204 963 2272 marito
986 2205 1070 2272 hauc
1092 2227 1171 2272 oon·

176 2327 342 2411 Jeeturam
373 2323 600 2414 improbarunt
634 2323 839 2394 Weichertua
868 2319 916 2414 (a)
951 2335 986 2390 et
1014 2321 1170 2392 Frrndse-

181 2441 260 2510 nitu
282 2439 341 2530 (3).

234 2557 359 2624 Diserte
375 2567 480 2626 autem
496 2560 661 2652 Agrippae
677 2562 824 2628 meminit
839 2559 888 2628 his
903 2561 1010 2628 verbis
1028 2560 1097 2652 (d)t

255 2751 376 2812 Scilicet
396 2769 432 2813 ut
446 2755 570 2838 plausus
579 2800 591 2827 ,
613 2779 685 2840 quos
694 2757 769 2840 sert
790 2760 950 2844 Agrippa,
961 2757 1053 2842 seras
1076 2773 1129 2828 tu,-
1221 2773 1223 2778 ’

252 2857 365 2917 Astaca
387 2863 542 2940 ingenuum
566 2857 662 2945 vulpm
685 2863 805 2922 imitata
825 2859 958 2921 leonem?

235 3026 327 3111 Quae
349 3030 447 3122 igitur
472 3043 519 3098 est
538 3034 630 3120 hujus
646 3032 712 3099 loci
725 3031 908 3101 sententia?
951 3031 1089 3100 Tantum
1104 3055 1171 3100 ease

180 3146 359 3216 discrimen
385 3151 470 3218 iuter
499 3151 702 3242 Agrippam,
729 3171 843 3218 verum
873 3149 986 3242 populi
1012 3151 1169 3236 amioum,

178 3284 216 3336 et
244 3268 373 3358 plausus
397 3271 510 3361 poprdi
533 3267 761 3338 tantummodo
786 3283 969 3364 captantem
989 3261 1171 3360 huminem,

175 3403 342 3477 quantum
356 3389 396 3454 sit
411 3389 497 3454 iuter
512 3400 649 3456 astutam
664 3391 813 3483 vulpem,
837 3391 892 3482 qui
908 3389 1036 3460 leonem
1052 3391 1170 3458 imitari

172 3504 326 3586 studeat,
351 3521 385 3572 et
400 3529 512 3574 verum
527 3507 669 3577 leonem.

177 3711 504 3732 0--un———fflfl-

207 3853 610 3926 (omnmamm

208 3943 255 4011 (2)
273 3939 308 3992 Iu
322 3943 393 4008 poit.
410 3939 466 3994 Lat.
482 3938 561 4009 reliq.
577 3956 639 4010 pag·
654 3935 715 3992 456.

210 4025 257 4096 (3)
278 4022 340 4078 Lib.
356 4022 427 4076 laud.
444 4037 506 4095 pag.
524 4017 585 4077 idi.

210 4107 633 4182 (omumanm
