3016 5204
803 500 845 562 20

342 735 418 781 care
444 711 580 799 voluisse
607 709 763 795 arbitror,
787 711 966 802 Agrippam
991 733 1091 778 onera
1119 713 1161 777 ab
1186 714 1336 802 Augusto

343 833 405 898 sibi
431 831 581 922 imposita
607 831 688 896 servi
715 830 815 895 instar
840 832 954 922 magna
980 853 1052 895 cum
1079 831 1235 923 patientia
1257 855 1337 922 per-

344 951 465 1018 tulisse.
512 949 576 1015 Hic
602 972 682 1016 vero
705 947 823 1015 diserte
847 949 1011 1039 praedicat
1033 952 1196 1042 Agrippae
1207 960 1342 1042 patien-

346 1077 424 1136 tiam
451 1068 571 1134 laboris
597 1067 846 1158 modestiamque
862 1067 920 1158 (r).
966 1065 1104 1134 Videtur
1131 1070 1229 1160 igitur
1259 1071 1341 1138 Sue-

348 1177 454 1252 tonius
470 1184 637 1253 dissentire
652 1187 693 1252 ab
708 1187 758 1251 his
774 1185 901 1252 dnobus
916 1188 1143 1277 scriptoribus:
1171 1204 1335 1275 attamen,

348 1307 374 1372 si
391 1329 460 1398 rem
477 1307 654 1372 accuratius
671 1303 930 1389 consideramus,
956 1307 997 1372 ab
1013 1307 1075 1372 illis
1092 1331 1159 1372 non
1172 1305 1335 1394 dissentit,

348 1427 375 1492 si
398 1424 527 1514 quidem
548 1425 581 1490 in
605 1425 673 1491 sold
691 1425 753 1491 hac
769 1427 863 1491 causa
878 1425 1120 1511 tantummodo,
1145 1425 1232 1516 qnod
1248 1427 1338 1493 Mar-

349 1547 466 1612 cellum
490 1545 551 1612 sibi
570 1535 786 1636 ¹antepositum
808 1545 986 1634 putaverit,
1009 1545 1198 1635 patientiam
1222 1545 1335 1636 Agrip·

348 1686 408 1756 pao
425 1663 674 1747 desideraverit,
698 1685 766 1731 non
781 1685 860 1729 vero
875 1663 910 1728 in
920 1663 1058 1752 'reliquis
1073 1663 1180 1730 rebus.
1226 1664 1332 1754 Atque

349 1782 473 1849 idcirco
502 1783 681 1865 verissime,
715 1779 891 1849 secundum
920 1803 1025 1846 meam
1054 1750 1185 1871 <laidem
1208 1795 1337 1849 senten·

351 1903 445 1986 tiam,
460 1902 668 1968 Arntnenium
684 1917 797 1967 conas
811 1896 1060 1989 Beroaldum(2)
1078 1915 1112 1965 et
1126 1897 1278 1966 Vinctum
1288 1897 1338 1988 (3)

349 2021 509 2110 scripsisse
527 2019 645 2087 credo:
691 2023 781 2086 Haec
798 2027 929 2085 minime
942 2032 1110 2110 pugnant,
1134 2043 1197 2085 uno
1213 2031 1340 2083 tantum

351 2147 386 2204 r're
415 2163 493 2204 casu
523 2139 717 2206 desiderarit
740 2148 933 2228 patientiam
962 2147 1145 2230 ceteroquin
1173 2141 1343 2229 Agrippae

347 2233 513 2348 propriam
537 2257 597 2348 (4).
643 2257 796 2348 idemque
823 2257 865 2324 de
895 2259 1113 2324 tacimmitate
1140 2259 1345 2324 Maecenatis

351 2393 492 2444 statuunt
507 2377 702 2444 Meibomius
718 2375 766 2468 (5)
782 2393 816 2443 et
831 2378 1021 2443 Arntzcnius
1035 2376 1094 2467 (6).

398 2497 477 2588 Pag.
495 2501 539 2577 4.(
555 2495 634 2562 dicit
649 2494 879 2562 Frandsenius:
903 2496 1026 2562 Plinius
1040 2496 1126 2563 inter
1142 2494 1344 2562 calamitates

352 2613 419 2682 divi
444 2616 580 2707 Augusti
604 2631 762 2682 memorat
779 2615 963 2705 pudendum
982 2618 1147 2705 Agrippae
1166 2613 1344 2705 ablegatio·

357 2757 429 2800 aem
450 2733 515 2824 (7),
546 2749 580 2802 et
608 2733 750 2823 quaerit,
773 2748 882 2798 utrum
909 2733 969 2798 ista
992 2733 1153 2825 ablegatio
1175 2734 1335 2824 Agrippae

353 2849 578 2920 tantummodo
587 2851 765 2941 pudorem,
788 2874 829 2918 an
846 2873 926 2918 vero
941 2851 1034 2918 simul
1051 2853 1149 2918 etiam
1158 2851 1335 2941 periculum

354 2969 525 3040 attulerit?
567 2970 595 3037 F
595 2969 767 3038 randsenio
781 2969 916 3039 adhaec
930 2967 1118 3062 responderi
1132 2992 1225 3060 posse
1239 2985 1340 3060 puto,

387 3331 431 3398 (1)
451 3329 522 3401 Epir.
538 3327 572 3383 de
589 3329 678 3384 Crass.
694 3347 752 3402 cap.
770 3333 797 3383 1.
817 3330 834 3398 5
849 3331 893 3385 16.

387 3415 431 3486 (2)
451 3417 550 3468 Annot.
566 3415 599 3468 ed
616 3415 735 3470 Suetonii
751 3433 809 3488 cap.
826 3415 862 3468 66
878 3416 946 3469 stne
964 3413 1051 3470 Octsr.

390 3497 430 3566 (3)
449 3495 546 3552 Annot.
563 3497 596 3550 ad
612 3496 676 3551 Aur.
692 3498 762 3551 vta.
779 3498 800 3552 l.
815 3497 836 3551 1.

388 3581 433 3652 (l)
452 3582 540 3636 Arata.
557 3582 589 3635 ad
605 3583 669 3636 Aur.
688 3583 757 3637 vtes.
773 3583 793 3636 l.
810 3583 831 3637 l·

388 3668 432 3739 (5)
451 3667 606 3722 lleibomius
627 3669 656 3723 in
671 3670 723 3722 rita
746 3667 919 3733 Maecenatis,
937 3683 998 3738 pig.
1016 3668 1060 3722 lo.
1099 3667 1281 3722 Contradicere
1297 3673 1344 3722 ta-

450 3755 551 3808 mente
567 3756 750 3810 tacitamitate
765 3754 870 3806 videtur
890 3752 1035 3822 Saetosiae
1051 3781 1086 3794 —
1105 3753 1219 3806 Videmr
1233 3759 1344 3808 maae-

449 3839 549 3905 dieere‚
569 3841 695 3906 inquam,
714 3853 761 3889 aec
782 3839 851 3890 enim
873 3854 901 3890 re
918 3837 982 3890 verti
995 3837 1024 3889 id
1033 3839 1114 3908 jacit.
1154 3839 1242 3902 Quum
1262 3839 1344 3890 uniar

450 3927 531 3995 trojus
540 3927 612 3994 sacti
626 3927 768 3992 exemptio,
782 3923 904 3976 celebrem
919 3926 1038 3992 alioquin
1048 3925 1102 3976 viri
1112 3923 1236 3978 virtutem
1244 3925 1342 3994 sitisse,

450 4011 590 4077 manifesto
608 4009 713 4062 indicet.

389 4093 432 4161 (6)
453 4089 493 4144 Ad
509 4092 529 4145 l.
547 4091 568 4145 1.
586 4093 649 4144 Aur.
667 4090 737 4144 Viet.

390 4177 432 4244 (7)
451 4175 516 4228 llist.
534 4175 593 4227 Nat.
612 4166 675 4230 bib.
692 4173 751 4226 vlt.
769 4193 825 4244 cap.
844 4177 887 4228 t5.
