3016 5204
460 1375 867 1467 summm.

224 2057 346 2176 Quum
361 2115 406 2170 ecc
421 2089 528 2155 multis
540 2102 677 2154 ceterum
691 2091 972 2178 scriotommlocis
982 2093 1155 2160 intellectu-

170 2237 255 2298 sem,
278 2225 382 2277 aetate
402 2212 542 2298 Augusti
562 2231 657 2272 unum
674 2231 692 2270 e
706 2215 874 2295 primariis
890 2218 968 2275 ciris
983 2221 1098 2301 optime
1114 2215 1155 2280 de

172 2357 206 2397 re
214 2329 345 2420 publici
357 2335 478 2394 meritis
491 2326 539 2392 Μ.
548 2324 734 2414 Vipsanium
745 2327 921 2416 Agrippam
924 2331 1034 2417 fuisse
1038 2357 1052 2412 ‚·
1066 2331 1157 2396 baud

170 2451 313 2515 inutilem
328 2451 471 2536 'operam
499 2467 548 2508 me
574 2457 791 2531 suscepturum
821 2445 1020 2529 arbitrabar,
1053 2458 1083 2513 si
1111 2451 1157 2515 cub

172 2566 376 2633 obtinendtun
401 2565 550 2629 bonorem
574 2562 801 2628 Academicum
828 2563 868 2627 de
884 2564 977 2654 bajus
1004 2575 1064 2632 ciri
1090 2567 1157 2634 vitei
1234 2578 1236 2592 '

172 2685 327 2775 rebusque
344 2690 446 2772 gestis
470 2681 723 2746 dissertationem
750 2681 991 2750 'conscriberem
1042 2687 1155 2776 Neque

171 2811 252 2870 satis
272 2801 427 2867 habebam
448 2801 506 2865 boc
522 2800 688 2864 consilium
704 2799 796 2863 modo
811 2808 948 2888 cepisse,
973 2803 1033 2866 sed
1045 2813 1154 2870 statim

172 2931 267 2988 etiam
287 2921 332 2986 ad
346 2918 556 3008 colh'gendam
571 2925 738 2982 materiam
752 2918 952 2984 accedebam.
979 2921 1042 2986 Sed
1057 2945 1153 3011 quam

162 3043 236 3129 jam
253 3039 384 3105 multum
398 3043 547 3125 temporie
560 3059 600 3098 ac
617 3034 716 3098 studii
737 3042 771 3098 in
794 3035 848 3100 illo
867 3060 961 3124 opem
981 3040 1152 3127 impendis·

168 3181 252 3240 sem,
281 3165 377 3246 inque
399 3155 470 3219 loca
491 3150 648 3243 quaedam
671 3151 858 3241 difficiliora
880 3155 1078 3239 incidissem,
1108 3181 1151 3222 esc

168 3277 282 3368 quibus
305 3298 367 3366 quc
386 3272 478 3338 mcdc
498 3295 548 3336 me
564 3270 763 3360 expedirem,
794 3278 935 3336 invenire
951 3297 1016 3338 non
1024 3284 1150 3362 potuis·

167 3417 250 3478 sem,
274 3393 340 3464 cidi
359 3413 409 3456 me
420 3390 559 3481 juvenili
568 3391 701 3477 fervore
719 3389 883 3477 abreptum
896 3394 1022 3477 fiu'sse,
1053 3408 1149 3484 atque

169 3519 295 3575 omnino
310 3533 353 3575 ee
377 3532 411 3573 re
428 3507 500 3573 med
515 3531 598 3588 esse,
624 3521 661 3572 ut
668 3515 865 3596 propositum
880 3532 982 3574 meum
997 3534 1068 3575 cum
1083 3535 1149 3576 ma-

164 3632 275 3715 gistris
295 3637 374 3693 meis
389 3635 662 3693 communicarem.
713 3627 818 3716 Quum
833 3635 933 3715 igitur
946 3629 1018 3694 illas
1034 3655 1147 3695 consu·

167 3745 314 3828 laissem,
337 3761 371 3812 et
395 3751 637 3837 quaesivissem,
665 3768 708 3808 an
727 3746 801 3832 jam
827 3751 886 3810 viri
908 3747 1037 3836 quidam
1062 3749 1148 3815 docti

169 3863 228 3928 boc
249 3879 481 3950 argumentum,
506 3872 540 3927 in
558 3886 620 3952 quo
636 3886 694 3950 ego
712 3871 794 3928 ctres
812 3864 1045 3954 qualescunque
1059 3891 1147 3931 meas

168 3988 310 4070 experiri
331 3981 453 4063 vellem,
483 3996 558 4048 ante
578 4005 628 4045 me
655 3994 846 4047 tractassent
867 3995 900 4047 et
919 3983 1021 4049 literis
1042 3994 1145 4049 consi·

57 4121 59 4128 ¹
164 4112 341 4188 gnassent5
364 4098 471 4165 audivi
505 4100 541 4166 id
561 4103 634 4189 jam
653 4099 781 4190 factum
813 4123 882 4166 esse
910 4099 932 4167 a
963 4100 1146 4188 Gebauero,

1006 4244 1020 4284 1
