3016 5204
814 425 834 504 θ’

339 646 439 716 diam.
486 647 536 713 De
557 647 616 716 itta
635 649 721 714 enim
741 650 862 716 invidia
881 673 923 716 oe
944 651 1043 716 verbo
1062 649 1314 738 quidem-loqui·

335 781 388 833 tur
403 749 479 833 Dio.
526 766 644 832 Narrat
657 765 787 855 quidem
802 753 980 859 Agrippam
997 761 1313 834 adramitis-essuos

338 883 448 950 dicere
462 885 591 951 solitum
607 886 721 970 luisse,
741 889 788 955 δτι
812 891 842 955 ol
859 887 982 966 πλείους
1005 893 1069 957 τῶν
1082 894 1117 959 ἐν
1132 889 1313 965 :uterere-

340 987 452 1082 ιτιίαις
483 989 584 1074 ὄντῶν
617 1002 730 1075 οὐδένα
760 1007 907 1075 ἐθέλουσι·
933 1010 1058 1094 sorim
1091 1014 1177 1091 σφῶν
1211 1003 1310 1084 ιλνιιι.

339 1147 408 1189 erre
438 1124 522 1189 tuno
553 1147 671 1190 morem
693 1126 858 1217 plerisque
880 1127 1102 1217 prlrrer'pr'bur,
1125 1141 1180 1194 m
1212 1125 1318 1192 trolr'irt

338 1267 526 1335 quemquam
548 1252 627 1334 ipris
642 1253 911 1334 praestantiorem
934 1247 1063 1330 labem
1086 1245 1143 1322 sed
1162 1248 1244 1314 seire
1264 1239 1316 1312 vo·

338 1364 415 1447 lim,
433 1387 517 1429 mum
539 1363 615 1430 inde
637 1366 770 1454 probari
795 1382 907 1454 queat,
933 1367 1110 1457 Augustum
1128 1365 1186 1432 tali
1206 1367 1315 1432 animo

339 1484 436 1549 etiam
452 1505 564 1573 reapse
580 1482 760 1572 praeditum
775 1482 869 1549 sitisse
885 1507 959 1575 erga
975 1484 1175 1576 Agrippam?
1203 1482 1317 1567 Quod

340 1603 457 1692 igitur,
482 1589 579 1690 quum
596 1602 730 1667 nimium
745 1603 876 1692 probet,
899 1603 978 1676 nihil
994 1595 1133 1670 omnino
1144 1605 1276 1694 probat.

347 1725 350 1734 ’
383 1719 433 1786 De
444 1719 674 1810 persequendis
689 1721 833 1788 hostibus
851 1720 937 1810 qood
955 1723 1095 1812 scripsit,
1119 1717 1160 1788 de
1176 1739 1216 1788 e'o
1233 1722 1318 1788 duae

339 1839 467 1906 filerunt
483 1841 670 1908 sententiae.
682 1837 879 1905 'Secundum
895 1839 1026 1906 alteram
1043 1837 1160 1905 dieitur
1171 1833 1318 1931 Agrippa

337 1961 446 2024 hostes
471 1941 536 2024 noir
561 1973 744 2048 persecutus
768 1981 854 2044 esse,
886 1957 1041 2048 quodid
1063 1957 1317 2050 non-pomeritr

340 2078 518 2145 seeundum
534 2077 684 2162 alteram,
707 2077 794 2167 quod
814 2077 850 2143 id
865 2078 973 2145 lacere
990 2078 1141 2148 noluerit.
1189 2078 1320 2162 Quaeri·

338 2213 392 2264 tur
418 2200 532 2289 igitur,
566 2185 638 2262 utra
662 2199 724 2262 nisi
754 2199 882 2281 verior,
919 2213 1007 2264 certe
1037 2199 1239 2264 verisimilior
1263 2199 1317 2267 eit.

340 2316 552 2384 Frondsenius
569 2315 776 2405 amplectitur
793 2317 1025 2406 posteriorem,
1044 2334 1216 2409 propterea
1232 2313 1321 2408 quod

339 2437 484 2529 Agrippa
495 2435 625 2519 dixerit,
635 2435 806 2527 plerosque
813 2444 979 2526 principer
991 2437 1090 2521 nolle,
1105 2451 1142 2503 ut
1154 2445 1320 2530 quisquam

340 2567 420 2648 ipsis
442 2563 662 2647 praestantior
684 2564 738 2623 sit.
794 2557 902 2644 Atque
926 2557 1011 2622 hanc
1032 2558 1223 2622 sententiam
1253 2579 1320 2622 ma·

338 2681 444 2768 jorem
476 2675 737 2767 probabilitatem
762 2675 888 2740 habere
919 2671 1009 2740 dicit.
1064 2673 1186 2740 Verum
1213 2688 1319 2740 norme

340 2799 409 2888 ipse
434 2796 498 2862 Dio
524 2793 641 2861 diserte
667 2791 822 2877 affirmat,
851 2817 886 2860 se
908 2793 1015 2884 potius
1035 2793 1183 2879 credere,
1206 2793 1319 2884 Agrip·

338 2938 418 3008 pam
433 2917 541 2981 hostes
556 2937 624 2980 non
639 2913 775 3003 amplius
790 2928 994 3003 persecutum
1010 2935 1095 2991 esse,
1114 2911 1201 3001 quod
1216 2913 1319 3001 ipsos,

340 3037 418 3104 licet
439 3034 577 3102 maxime
596 3031 766 3116 voluisset,
791 3047 898 3097 tamen
920 3029 1097 3096 consectari
1120 3053 1188 3095 non
1210 3046 1322 3122 potue·

342 3155 409 3222 rit?
434 3155 607 3220 Praeterea
621 3173 730 3218 nonne
745 3152 843 3216 etiam
860 3149 997 3216 affirmat
1012 3150 1194 3239 Appianas,
1209 3149 1323 3240 Agrip·

342 3298 435 3366 pam,
459 3281 593 3364 propter
607 3268 828 3351 difficultates,
854 3291 931 3358 quas
952 3275 1101 3360 superare
1117 3291 1184 3334 noo
1199 3269 1322 3358 potuis·

342 3409 406 3477 set,
429 3393 471 3458 ab
495 3386 693 3479 insequendo
717 3385 895 3456 destitisse?
939 3388 1065 3478 Operae
1087 3409 1163 3456 sane
1184 3389 1322 3477 pretium

345 3531 391 3580 est
417 3513 487 3603 ipsa
512 3509 653 3602 Appiani
673 3506 772 3573 rerba
794 3505 1008 3597 (1)referret
1037 3511 1091 3575 ιιιιλ
1113 3508 1319 3593 Ἀγρίππας,

343 3633 525 3704 κωλυόντων
548 3623 645 3698 αὐτὸν
675 3631 737 3698 τῶν
765 3631 959 3717 κυβερνητῶν
984 3627 1133 3714 μεγάλαις
1155 3630 1267 3697 ναυσὶν
1291 3630 1322 3703 ἐς

342 3754 449 3835 ὀλίγον
472 3753 557 3838 ὕδωρ
578 3749 739 3832 ἐπιπλεῖν,
762 3747 907 3830 πελάγιος
928 3749 978 3817 ἐπ’
999 3751 1144 3837 ἀγκυρῶν
1166 3749 1320 3823 ἐσάλευεν,

343 3879 386 3952 ὥς
411 3875 644 3963 λφιιρμιοιλμινοι
669 3873 733 3946 τοῖς
763 3867 920 3954 πολεμίοιν
947 3871 1001 3938 sal
1030 3876 1268 3959 νυκτομαχήσων
1294 3871 1322 3934 εἰ

375 4133 419 4205 (l)
438 4131 476 4188 lle
493 4131 557 4188 tell.
574 4131 625 4184 eir.
643 4127 703 4182 tit.
722 4126 756 4181 t.
772 4144 797 4182 ο.
814 4125 874 4181 toa.
910 4167 913 4175 ,
