3016 5204
872 449 1046 544 ον’

409 693 558 760 Dionem.
605 693 725 756 Contra
753 715 789 756 ea
816 693 901 757 enim
917 692 1052 782 legimus
1067 669 1222 761 alioloco
1241 699 1302 789 (ι)
1326 705 1378 785 τῇ
1397 722 1429 764 τε

408 815 506 903 Τροίᾳ
537 813 710 900 καλουμένῃ
739 811 793 879 διὰ
816 816 880 881 τῶν
906 813 1040 893 εὐγενῶν
1064 814 1189 884 παίδων
1215 822 1426 907 ἐγαυρὼθη.

407 933 517 1023 Itaque
543 930 622 999 illud
650 928 803 1022 gaudium
828 932 991 1022 Agrippae
1016 929 1057 996 ad
1081 931 1194 1000 ludum
1217 937 1425 1024 Trojanum

409 1049 617 1118 solummodo
642 1052 812 1140 spectavit.

455 1170 532 1261 Peg.
557 1169 600 1260 78
619 1168 716 1234 tradit
730 1169 781 1235 vir
798 1166 929 1253 doctus,
951 1167 1174 1236 Maecenatem
1191 1173 1233 1238 ab
1251 1176 1424 1266 Augusto
1459 1152 1460 1202 l

409 1289 533 1356 Romae
556 1305 589 1354 et
613 1289 724 1355 ltaliae
744 1287 943 1379 praefectum
971 1305 1115 1354 creatum
1133 1290 1228 1357 fuisse
1245 1293 1318 1383 (2),
1344 1318 1422 1362 nec

412 1425 535 1493 tamen,
557 1408 616 1473 etsi
641 1407 795 1474 Horatius
818 1408 921 1496 ipsum
948 1407 1079 1472 summis
1101 1407 1244 1474 laudibus
1268 1413 1416 1479 extule-

408 1529 451 1593 rit
470 1526 532 1617 (3),
553 1527 629 1593 huic
651 1529 776 1592 muneri
795 1547 906 1616 parem
923 1526 1095 1611 exstitisse,
1117 1526 1216 1615 elque
1238 1525 1279 1593 de
1296 1533 1408 1594 causo

406 1647 438 1712 ei
454 1644 638 1734 adjunctum
655 1645 750 1712 luisse
762 1645 936 1736 Agrippam
950 1662 1100 1733 tanquam
1116 1645 1288 1736 collegam.
1323 1647 1398 1712 Etsi

405 1765 487 1831 haec
500 1788 574 1831 vera
585 1781 675 1848 sunt,
694 1780 803 1831 tamen
815 1781 980 1854 praeterea
994 1762 1313 1831 animadvertendum
1330 1781 1394 1847 est,

408 1885 513 1976 ipsum
535 1884 713 1974 Agrippam
737 1905 882 1972 quoque,
904 1885 1047 1972 quamvis
1068 1899 1231 1950 strenuum
1246 1900 1281 1950 et
1296 1885 1394 1952 intre·

409 2001 542 2093 pidum,
566 2004 601 2068 in
628 2025 714 2068 novo
739 2001 797 2067 illo
821 2024 954 2068 munere
974 2004 1102 2091 saepius
1122 2001 1238 2068 auxilio
1260 2005 1394 2095 Augusti

410 2121 592 2214 indiguisse.
637 2121 794 2186 Novimus
812 2123 877 2188 hoc
892 2144 931 2187 ex
948 2121 1142 2206 Plutarcho,
1160 2122 1216 2187 ubi
1228 2121 1307 2188 dicit
1325 2123 1393 2212 (avt

410 2243 554 2328 Καίσαρα
572 2240 603 2306 δ’
616 2240 802 2322 Ἀγρίππας
820 2241 998 2309 ἀνεκαλεῖτο
1013 2240 1161 2318 πολλάκις
1173 2244 1236 2309 α’πὸ
1250 2241 1391 2329 Ῥώμης,
1473 2269 1474 2299 t

410 2367 553 2448 γράφων,
578 2364 622 2437 ὥς
643 2365 706 2428 τῶν
732 2364 797 2427 ἐκεῖ
817 2366 1004 2448 πραγμάτων
1026 2365 1084 2444 τὴν
1105 2362 1279 2448 παρουσίαν
1298 2363 1392 2431 αὐτοῦ

410 2487 605 2551 ποθούντων.
1153 2522 1158 2531 ’

453 2600 532 2690 Pag.
555 2621 612 2687 99.
653 2598 727 2663 Hoc
750 2597 826 2663 loco
846 2597 952 2688 agitur
966 2595 1007 2663 de
1020 2617 1103 2687 pace
1118 2597 1338 2666 Brundusieusi
1355 2617 1388 2667 ct

398 2719 588 2808 quaeritur,
614 2705 732 2782 utrum*
745 2707 887 2806 Agrippa
909 2739 1041 2806 operam
1062 2720 1124 2782 und
1140 2739 1217 2784 cum
1234 2711 1299 2785 aliis
1313 2715 1385 2786 huic

400 2838 482 2928 :paci
503 2835 670 2919 tribuerit,
696 2858 757 2901 nee
779 2859 832 2901 ne.

398 2991 404 3022 ε
453 2955 578 3020 Scimus
593 2970 733 3020 mortem
754 2951 886 3018 Fuluiae
904 2953 1107 3020 occasionem
1123 2957 1386 3024 reconciliationis

408 3075 493 3140 inter
522 3075 701 3165 Augustum
734 3083 767 3138 et
799 3074 977 3138 Antonium
1012 3069 1154 3159 dedisse,
1184 3091 1217 3141 et
1247 3099 1382 3143 sororem

406 3195 541 3285 Augusti
564 3193 731 3258 Octaviam
754 3192 898 3258 Antonio
921 3215 1055 3260 uxorem
1070 3193 1191 3262 datam.
1237 3195 1381 3264 Reconci-

409 3312 550 3377 liationis
569 3310 726 3400 imprimis
750 3327 863 3376 auctor
887 3311 1044 3400 Coccejus
1061 3313 1167 3381 Nerva
1183 3331 1376 3384 memoratur.

410 3428 622 3496 Frandsenius
642 3451 721 3496 vero
740 3429 764 3497 l.
789 3430 812 3496 l.
834 3429 931 3496 dicit:
967 3435 1022 3497 An
1046 3435 1332 3527 Agrippaoliqus'd
1343 3436 1383 3502 ad

400 3549 494 3616 tane
515 3571 631 3640 pacem
646 3549 881 3638 corficieodam
896 3551 1077 3636 contulerit,
1102 3561 1137 3621 ἰπ
1148 3547 1284 3622 medium
1298 3557 1381 3623 reliu-

444 3824 487 3892 (1)
507 3819 556 3876 uto
572 3817 645 3878 Cass.
664 3819 726 3878 Lib.
743 3817 864 3878 XLVIII.
881 3842 940 3896 ctp.
956 3825 1001 3878 20.
1014 3816 1020 3840 ¹
1213 3773 1253 3860 j

444 3907 489 3978 (a)
508 3907 570 3962 ru.
596 3908 667 3962 sun.
692 3909 753 3961 an.
781 3908 824 3962 vr.
849 3925 909 3979 asp.
926 3909 1059 3962 rursu.
1077 3901 1133 3965 ru.
1150 3901 1210 3967 tui
1228 3913 1264 3967 m
1280 3931 1330 3985 up.
1344 3913 1381 3968 st.

507 3990 557 4043 uto
574 3989 648 4045 Cass.
664 3992 725 4045 tib.
744 3991 788 4045 tl.
805 4009 863 4062 cap.
882 3993 909 4045 ³.

443 4073 488 4143 (li)
507 4075 568 4128 llor.
587 4075 648 4128 Lib.
665 4076 718 4129 111.
732 4094 812 4131 curm.
831 4077 875 4131 29.
892 4093 931 4130 rs.
947 4076 992 4130 25.

445 4158 488 4229 ll)
508 4159 561 4212 vn.
581 4160 642 4212 Ant.
660 4177 717 4229 cap.
735 4160 778 4213 ta.
1027 4168 1030 4179 '
