3016 5204
838 442 879 505 ts

363 675 440 744 pere
460 651 676 744 diligebatur,
710 667 819 720 umen
844 654 977 720 minime
1004 652 1249 746 existimandm
1277 667 1343 742 est,

361 771 518 864 populum
545 787 665 838 temere
687 794 722 838 se
741 770 920 838 istiusmodi
941 772 992 838 liti
1011 771 1055 840 de
1067 775 1289 858 successione,
1308 778 1345 842 in

362 890 590 961 detrimentum
621 892 780 982 Augusti,
811 891 992 958 immiscere
1023 915 1164 981 unquam
1195 893 1343 962 voluisse.

360 1010 460 1094 Tum,
491 1007 580 1099 quod
604 1007 646 1074 ad
668 1009 858 1078 Marcellum
884 1011 1016 1093 attinet,
1044 1011 1100 1076 hic
1121 1009 1227 1078 adhuc
1249 1012 1344 1078 nimis

357 1130 480 1217 juvenis
502 1129 613 1209 tuisse,
638 1140 672 1194 et
692 1126 837 1194 nondum
852 1128 944 1195 illam
958 1129 994 1194 in
1007 1151 1044 1196 re
1057 1129 1189 1220 publici
1203 1133 1341 1197 auctori·

359 1259 457 1316 tatem
478 1247 627 1314 habuisse
648 1245 790 1328 videtur,
814 1264 851 1313 nt
870 1248 938 1315 ullo
953 1247 1074 1333 modo,
1098 1251 1244 1337 quamvis
1258 1273 1277 1316 a
1291 1273 1340 1316 so·

359 1389 436 1434 cero
456 1367 653 1457 postpositus
672 1367 837 1457 Agrippae
850 1367 977 1452 suisset,
1003 1367 1152 1434 camillo
1168 1365 1210 1434 de
1224 1370 1342 1459 princi

356 1489 449 1576 patds
468 1487 642 1577 partitione
668 1485 896 1552 contendisset.
943 1487 1085 1552 Ubinam
1107 1487 1194 1552 enim
1213 1497 1278 1552 tam
1294 1501 1341 1553 te·

356 1605 485 1672 merarii
501 1604 581 1669 facti
596 1601 776 1692 adjutorem
791 1605 976 1670 inventurus
989 1604 1122 1670 fuisset?
1138 1604 1233 1695 Apud
1247 1629 1337 1673 exer·

356 1722 480 1790 citum?
523 1720 599 1788 Non
625 1721 737 1790 credo.
784 1722 928 1789 Primum
950 1725 1036 1789 enim
1059 1746 1126 1789 non
1140 1721 1253 1808 video,
1275 1727 1340 1814 qut

355 1865 412 1932 spe
435 1841 534 1908 fretus
553 1851 738 1932 exspectare
760 1843 932 1932 potuisset,
961 1865 995 1908 se
1016 1841 1131 1908 milites
1153 1841 1196 1908 ad
1220 1843 1341 1908 labefa-

357 1959 506 2027 ctandam
521 1975 554 2026 et
567 1957 819 2026 imminuendam
831 1961 965 2051 Augusti
976 1971 1168 2051 potestatem
1181 1975 1215 2026 et
1228 1977 1341 2027 aucto·

355 2081 482 2146 ritatem
500 2095 629 2171 paratos
640 2079 826 2146 habiturum
839 2103 919 2148 esse.
943 2077 1087 2163 Deinde,
1100 2081 1127 2146 si
1138 2079 1190 2147 vel
1202 2082 1343 2146 maxime

357 2200 422 2265 tale
448 2197 525 2287 quid
550 2214 675 2290 tentare
700 2221 791 2263 ausus
820 2198 947 2282 fuisset,
977 2201 1045 2266 sine
1068 2200 1167 2264 dubio
1195 2201 1343 2290 Agrippa

355 2320 464 2384 statim
488 2287 550 2381 ista
575 2317 745 2382 conamina
772 2341 903 2407 prorsus
926 2319 1017 2384 irrita
1041 2319 1182 2384 facturus
1210 2318 1340 2402 fuisset,

355 2437 542 2528 praesertim
564 2436 591 2500 si
616 2434 658 2502 de
681 2437 818 2525 imperio
842 2436 1033 2526 occupando
1055 2439 1124 2528 ipse
1144 2439 1228 2504 serio
1251 2438 1343 2529 cogi·

354 2571 463 2621 tasset.
510 2555 620 2620 Restat
641 2554 740 2644 igitur
761 2556 920 2646 Agrippa,
944 2579 1040 2644 quem
1059 2556 1163 2622 solum
1178 2558 1213 2622 in
1229 2557 1339 2622 animo

354 2675 500 2741 habuisse
520 2671 735 2738 Frandsenius
750 2671 886 2740 videtur.
932 2673 998 2740 Sed
1013 2698 1032 2740 a
1048 2697 1100 2742 me
1116 2674 1261 2742 nondum
1275 2677 1336 2741 im·

355 2809 483 2884 petrare
507 2815 654 2882 possum,
677 2807 713 2856 ut
738 2793 772 2858 in
788 2815 829 2858 eo
847 2797 1003 2859 assentiar
1017 2795 1088 2861 viro
1105 2793 1216 2862 docto.
1262 2794 1336 2860 Sive

355 2914 441 2980 euim
468 2911 612 3002 Agrippa
636 2927 751 3001 sponte
783 2912 925 2977 Romam
952 2913 1130 3003 reliquerit,
1159 2914 1225 2980 sive
1247 2916 1337 3000 jussu

355 3031 489 3122 Augusti
503 3031 537 3094 in
554 3027 679 3118 Syriam
694 3029 826 3114 abierit,
848 3053 888 3096 ex
899 3031 954 3116 iis,
977 3055 1058 3121 quae
1073 3047 1147 3121 post
1161 3030 1242 3098 illud
1256 3047 1335 3098 tem·

355 3173 414 3241 pus
434 3148 516 3240 egit,
544 3147 634 3213 nullo
659 3146 758 3215 modo
782 3151 936 3240 suspicari
962 3172 1145 3240 possumus,
1174 3173 1248 3217 eum
1268 3166 1333 3216 tam

353 3265 515 3360 perfidum
539 3265 648 3346 fuisse,
677 3280 714 3330 ut
736 3265 819 3334 clam
839 3291 940 3334 novas
962 3291 1012 3334 res
1028 3285 1142 3334 contra
1158 3269 1335 3359 Augustum

355 3402 411 3452 aut
425 3384 614 3452 Marcellum
630 3383 738 3450 moliri
753 3384 900 3452 voluerit.
945 3386 1063 3453 Nonne
1078 3385 1217 3474 Vellejus
1228 3387 1335 3452 Pater-

354 3506 446 3572 culus
462 3504 639 3594 Agrippam
661 3501 740 3568 dicit
755 3502 886 3592 quidem
900 3505 969 3571 aliis
985 3505 1166 3596 imperandi
1181 3502 1336 3596 cupidum

354 3623 466 3706 tuisse,
481 3637 621 3688 attamen
636 3623 691 3687 uni
705 3623 849 3714 Augusto
863 3647 989 3716 semper
1004 3623 1223 3715 paruisse(1)?
1244 3622 1335 3690 Idem

357 3743 497 3810 affirmat
519 3742 615 3808 etiam
640 3741 703 3808 Dio
726 3743 850 3810 Cassius
875 3745 924 3810 his
950 3746 1072 3811 verbis:
1106 3743 1201 3814 ‘'Ooos
1221 3771 1253 3814 τε
1275 3747 1334 3832 γὰρ

355 3867 426 3940 τούς
449 3860 563 3938 ἄλλους
582 3862 675 3949 ἀρετῇ
692 3869 888 3950 κατεκράτει,
913 3871 1056 3936 τοσοῦτον
1074 3866 1193 3936 ἐκείνου
1214 3864 1336 3936 ἐθύον-

388 4119 430 4190 (1)
450 4119 521 4174 Vsu.
538 4117 592 4172 Pu.
610 4117 669 4172 tub.
688 4119 723 4173 11.
740 4137 797 4191 cap.
815 4121 859 4174 ts.
