3016 5204
849 423 891 490 28

374 640 531 730 Augustus
567 637 684 703 multos
724 638 863 704 habebat
898 637 1067 723 inimicos,
1105 641 1170 727 qui·
1192 641 1375 730 antiquam

371 758 418 824 rei
451 756 604 846 publicae
630 756 768 822 formam
790 757 912 824 restitui
938 772 1100 848 optarent.
1147 757 1233 824 Hinc
1258 760 1374 852 igitur

371 898 439 941 non
468 875 537 941 sine
567 875 689 940 summi
711 874 987 942 verisimilitudine
1011 877 1131 963 conjici
1154 899 1248 968 posse
1271 881 1374 946 arbi-

371 1010 459 1076 tror,
484 994 660 1084 Agrippam
686 1016 849 1082 nunquam
875 1009 941 1060 tam
970 995 1102 1062 inimico
1124 994 1274 1062 adversus
1293 999 1371 1064 Au·

371 1129 499 1204 gustum
521 1113 629 1178 animo
655 1111 767 1192 luisse,
791 1128 828 1178 ut
849 1115 949 1203 ipsius
971 1111 1227 1182 dominationem
1249 1118 1368 1184 immi·

371 1254 490 1314 nuere,
516 1245 604 1296 etse
626 1231 687 1321 ipsi
710 1253 819 1322 parem
841 1230 979 1298 reddere
999 1220 1162 1302 voluisset.

414 1469 501 1559 Ergo
528 1489 628 1557 quum
649 1465 804 1552 vidimus,
826 1491 932 1558 neqtte
947 1470 1125 1561 Augustum
1140 1469 1259 1560 aliquid
1275 1473 1368 1552 mali,

371 1586 413 1655 de
428 1588 570 1678 Agrippa
594 1591 787 1676 suspicatum
802 1587 914 1671 fuisse,
936 1611 1041 1678 neque
1056 1589 1235 1680 Agrippam
1253 1591 1360 1658 utius-

368 1704 457 1772 modi
479 1706 652 1795 suspicioni
673 1728 781 1770 ansam
804 1705 901 1772 ullam
919 1709 1118 1798 praebuisse,
1142 1717 1239 1797 atque
1254 1711 1355 1776 etiam

367 1847 523 1914 nusquam
546 1825 726 1890 invenimus
748 1825 924 1915 Agrippam
950 1825 1036 1916 apud
1058 1826 1223 1912 Fulviam,
1248 1829 1355 1896 Anto·

367 1945 474 2028 nium,
495 1943 617 2008 Liviam
630 1942 749 2008 aliosve
762 1943 798 2008 in
811 1944 1025 2033 suspicionem
1038 1947 1161 2013 venisse
1174 1947 1354 2014 istiusmodi

367 2061 555 2129 clandestini
570 2062 745 2153 propositi,
759 2059 816 2128 sed
830 2077 943 2127 contra
954 2085 993 2128 ea
1006 2064 1047 2129 ab
1059 2067 1209 2132 omnibus
1219 2067 1355 2155 scripto·

366 2184 454 2249 ribus
478 2181 678 2265 declaratur,
703 2182 879 2272 Agrippam
903 2204 938 2247 se
959 2205 1054 2272 supra
1077 2185 1254 2275 Augustum
1272 2209 1355 2252 nun·

368 2324 464 2391 quam
490 2300 643 2368 extollere
674 2300 830 2384 voluisse,
868 2301 1044 2390 ambosque
1072 2305 1248 2391 ajuvenili
1275 2303 1354 2374 inde

337 2463 341 2474 ·
367 2413 513 2513 tempore
528 2443 587 2511 per
602 2441 736 2486 omnem
748 2418 904 2507 reliquam
919 2419 1018 2487 vitam
1039 2421 1161 2488 amicos
1177 2425 1349 2504 mansisse,

366 2542 499 2610 credere
519 2563 586 2606 non
602 2537 805 2621 dubitamus,
831 2539 1006 2606 amicitiem
1025 2541 1110 2607 inter
1125 2543 1302 2633 Augustum
1317 2555 1349 2608 et

367 2663 544 2754 Agrippam
575 2682 616 2725 ex
641 2649 753 2724 mutud
779 2658 960 2724 animorum
987 2681 1144 2726 consensu
1172 2663 1345 2732 constitisse

366 2802 537 2870 veramque
563 2794 596 2844 et
620 2793 810 2868 perpetuam
833 2777 939 2847 fuisse.
987 2777 1164 2860 Quocirca
1180 2781 1255 2846 hnic
1274 2781 1337 2846 loco

367 2899 465 2966 linem
493 2897 688 2987 imponimus
717 2896 823 2962 verbis
857 2895 977 2962 Valerii
1006 2897 1160 2964 Maximi:
1218 2899 1342 2966 Prodite

367 3027 468 3110 igitm
488 3015 530 3082 ab
551 3012 625 3099 illd,
648 3038 731 3107 quoe
746 3029 928 3082 sanctorum
942 3015 1063 3080 umbris
1078 3017 1186 3084 &cota
1202 3041 1272 3083 esse
1284 3041 1346 3084 cre·

366 3139 471 3221 ditur,
494 3135 588 3218 aede,
613 3135 688 3200 ltine
709 3136 841 3200 Decime
864 3136 974 3219 Laeli,
999 3136 1089 3202 illino
1111 3138 1163 3203 M.
1185 3140 1346 3227 Agrippa,

367 3259 451 3324 alter
473 3264 629 3338 virorum,
659 3255 743 3320 alter
762 3257 902 3322 Deorum
928 3265 1104 3322 marimum
1135 3265 1290 3344 nmmum,
1317 3272 1348 3324 et

367 3375 457 3443 cerni
484 3387 604 3456 mente,
629 3385 663 3438 et
685 3373 834 3440 secundm
858 3375 1016 3439 corinthus
1039 3384 1144 3441 sortiti
1151 3401 1164 3442 :
1193 3390 1346 3468 totumque

369 3496 480 3561 beatae
501 3492 624 3560 rur-bae
651 3515 797 3582 gregem,
832 3500 889 3582 qm·
918 3505 1020 3559 vestre
1049 3493 1157 3560 duent.
1170 3496 1345 3564 veremudo

366 3622 512 3680 sincerae
527 3610 605 3691 fidei
616 3611 802 3700 'stipendia,
827 3610 974 3710 laudibus
988 3625 1022 3678 et
1029 3622 1187 3702 praemiis
1202 3629 1344 3702 onustus,

300 3721 303 3728 ⁴
359 3741 506 3825 peregit,
531 3739 565 3796 in
591 3729 692 3796 liccem
707 3730 866 3796 reducum
880 3731 1070 3820 protendite.
1120 3734 1250 3800 Vestras
1265 3743 1343 3802 enim

367 3864 550 3920 constantes
568 3856 709 3931 animos,
732 3861 836 3914 vestro
849 3862 980 3916 strenue
994 3857 1189 3936 ministeria,
1215 3868 1342 3920 vestram

368 3967 649 4064 inexpugnabilem
684 3975 948 4053 taciturnitatem,
974 3991 1100 4062 pinque
1132 3971 1288 4062 dignitate
1316 3985 1346 4038 et

367 4093 470 4158 solute
485 4095 659 4156 amicorum
675 4098 861 4176 perpetuam
875 4085 1131 4171 excubationem,
1156 4096 1341 4158 termtiomm
