3016 5204
654 483 675 550 9

177 707 251 775 δέοι.
298 706 372 770 Τῶν
404 700 504 785 olims
529 700 559 768 δ’
586 702 671 788 αὐτῷ
700 707 955 787 παραινούντων,
986 693 1157 788 μὴ’σίλόνιρ

177 821 268 912 θυμῷ
290 821 517 910 συμφέρεσθαι,
548 822 626 907 μηδὲ
648 823 704 890 τὸν
731 824 862 909 στρατὸν
886 825 1039 909 ἐκτρύχειν
1059 823 1155 910 ἀγρυ·

174 947 253 1030 min
279 947 332 1011 eui
364 947 471 1028 πόνῳ,
498 942 577 1027 μηδὲ
604 949 757 1011 πιστεύειν
784 941 989 1029 πολυχείμωνι
1015 941 1157 1031 θαλάσσῃ

174 1066 263 1152 μόλις
289 1063 416 1144 ἑσπέρας
440 1063 632 1142 ἀνεζεύγνυε.
686 1059 804 1126 Nonne
833 1061 913 1126 haee
942 1078 1009 1126 tam
1037 1059 1157 1126 diserte

175 1205 323 1276 expressa
334 1165 411 1248 satis
426 1179 608 1264 declarant,
626 1179 727 1268 qualis
738 1179 902 1270 Agrippae
912 1181 1034 1244 animus
1044 1177 1157 1264 fixerit,

178 1323 314 1392 eumque
338 1300 472 1367 minime
493 1297 632 1364 invidiae
655 1297 802 1364 adversm
823 1302 1000 1389 Augustum
1019 1298 1160 1363 incusari

178 1443 288 1512 posse,
311 1435 366 1486 aut
381 1420 509 1484 hostem
525 1416 671 1508 persequi
694 1417 880 1505 neutiquam
896 1415 1056 1516 voluisse?
1098 1417 1161 1482 De·

179 1540 275 1628 nique
297 1539 419 1619 etiem,
444 1557 553 1600 nonne
574 1535 717 1625 Agrippa
741 1536 776 1599 in
796 1533 866 1601 aliis
887 1535 979 1602 bellis
1000 1533 1158 1620 ostendit,

177 1679 211 1723 se
227 1681 247 1722 u
263 1655 404 1745 partibus
419 1655 552 1745 Augusti
568 1665 670 1738 sture,
687 1671 720 1720 et
735 1657 858 1722 summu
870 1653 934 1720 fide
946 1653 1037 1720 ducis
1048 1677 1161 1720 munus

178 1773 239 1839 sibi
264 1773 305 1839 ab
326 1774 470 1864 Augusto
487 1771 683 1856 ,inandutum
708 1773 849 1840 obiisse?
891 1773 962 1840 Jarn
982 1773 1081 1864 igitur
1095 1772 1162 1861 qui·

180 1913 305 1980 cunque
325 1892 359 1957 in
380 1892 469 1958 omni
491 1892 613 1981 reliqum
637 1893 700 1958 viu
715 1915 749 1958 se
764 1893 864 1959 fidum
881 1893 996 1959 ducem
1012 1890 1161 1958 ostende·

178 2013 242 2096 rit,
267 2031 332 2101 quo
350 2015 422 2099 jure
443 2014 469 2076 is
493 2012 609 2100 possit,
631 2012 665 2076 in
686 2015 750 2078 und
772 2012 908 2101 quedtun
925 2014 1035 2094 oeusd,
1060 2012 1161 2100 edque
1276 2081 1280 2088 ,

177 2129 271 2197 valde
296 2129 410 2212 dubis,
441 2145 606 2223 suspectae
629 2130 705 2197 fidei
723 2132 896 2215 accusari,
916 2131 1072 2221 equidem
1093 2151 1162 2196 nou

176 2251 252 2316 satis
275 2247 381 2317 tideo.

224 2367 302 2460 Pag.
319 2372 364 2448 do
380 2368 432 2432 itu
447 2367 657 2433 ratiocinetur
668 2364 898 2436 Fraudeenius:
918 2371 953 2435 St
969 2369 1027 2435 uta
1041 2376 1162 2454 oratio,

178 2507 274 2575 quam
292 2487 354 2550 Dio
367 2487 532 2573 Aganae
547 2484 674 2568 tribuit,
692 2509 727 2550 re
743 2485 820 2552 νσνᾶ
833 2486 875 2550 ab
891 2495 960 2575 ipso
974 2487 1086 2552 habita
1098 2500 1160 2568 ost,

181 2625 252 2667 eam
276 2602 405 2685 habuit,
430 2625 496 2667 ποιι
519 2616 556 2668 ut
572 2604 769 2692 amplissima
788 2627 922 2670 munera
937 2613 972 2670 ἰιι
987 2629 1023 2670 re
1030 2603 1166 2693 publioei

179 2723 424 2813 adipisceretur,
438 2745 544 2789 verum
558 2736 594 2787 ut
605 2721 762 2789 libertatis
777 2725 932 2792 viudr'oem
944 2749 980 2789 se
991 2723 1164 2809 σίιπιιὶαιιτ,

180 2849 247 2930 lpse
270 2842 373 2906 Iocum
394 2842 557 2929 Principis
579 2855 764 2931 oocuparet,
787 2865 882 2934 quam
898 2850 1039 2932 primum
1053 2845 1165 2932 Augu·

182 2973 250 3026 stus
272 2969 437 3050 imperium
459 2960 659 3048 depositurus
670 2962 799 3048 finisset.
844 2963 914 3027 Jem
930 2961 1027 3052 igitur
1041 2963 1068 3026 si
1083 2983 1163 3026 cou-

183 3075 324 3143 cedimus
345 3081 431 3143 hanc
456 3079 638 3143 orationem
660 3080 702 3143 ub
726 3079 1030 3170 Agrippdhabitum
1045 3079 1162 3164 fuisse,

183 3193 455 3286 quemadmodum
478 3195 570 3260 illem
594 3196 705 3262 retulit
727 3197 809 3284 Dio,
837 3198 957 3265 nullam
977 3198 1073 3264 video
1088 3221 1164 3264 osu.

181 3337 273 3399 sem,
314 3336 372 3380 our
397 3339 463 3380 non
489 3316 569 3381 item
592 3315 826 3402 concedamus,
864 3341 973 3384 veram
1001 3317 1161 3384 rationem

181 3435 309 3500 habitus
324 3435 481 3501 orationis
497 3459 515 3500 s
530 3435 638 3502 Dione
656 3436 785 3502 allatam
802 3459 885 3521 esse,
908 3438 1089 3528 Agrippam
1102 3437 1164 3502 sci-

183 3549 258 3618 lieet
284 3555 430 3620 omniurn
455 3553 585 3642 quidem
618 3557 758 3640 civium,
791 3555 847 3622 sed
871 3557 1028 3646 imprimis
1045 3574 1163 3622 'minen

183 3670 316 3758 Augusti
339 3671 450 3738 salutis
470 3674 571 3763 grutid
593 3675 639 3739 ite
655 3674 800 3740 locutum
815 3697 893 3742 esse.
942 3674 1040 3757 Quod
1055 3691 1163 3743 autem

183 3792 211 3855 si
234 3789 328 3855 nobis
351 3815 417 3858 uon
441 3794 609 3883 probabile
632 3794 775 3880 videtur,
806 3811 895 3861 certe
920 3819 997 3861 sune
1018 3818 1108 3861 mens
1130 3811 1162 3862 et

183 3911 271 3975 ratio
282 3909 455 3997 postulant,
463 3923 500 3978 ut
513 3913 710 3980 contrarium
720 3913 847 3981 idoneis
856 3917 1048 4007 argumentis
1059 3926 1164 3982 osten·

183 4028 307 4096 dumus.
352 4026 492 4114 Verum,
515 4030 671 4124 quidquid
693 4034 788 4120 hujus
802 4036 861 4118 sit,
885 4034 964 4102 mihi
986 4035 1103 4101 multas
1118 4036 1162 4101 ob

185 4171 295 4216 musas
325 4169 391 4214 non
424 4149 594 4217 verisimile
626 4151 766 4232 videtur,
798 4154 976 4245 Agrippum
995 4155 1058 4222 isto
1084 4178 1162 4222 con·
