3016 5204
661 425 702 489 18

190 643 274 707 tibus
292 638 422 726 aliisque
442 635 579 704 civitatis
601 636 805 726 proceribus,
831 635 995 730 Agrippae
1014 637 1168 704 annulum

189 781 280 825 snum
308 755 431 822 dedisse
460 769 611 844 tanquam
639 756 764 845 σίςιιυω
793 753 920 822 tisanae
948 756 1167 824 ¹successionis.

189 877 313 944 Deinde
329 875 440 959 addit,
462 877 641 964 Aegusam
657 875 717 940 sibi
734 872 839 941 videri
859 897 923 940 aon
939 897 1053 943 aueum
1061 865 1173 964 fuisse

184 1004 363 1086 praeterire
384 997 580 1083 Agrippan,
604 991 776 1058 etidcirco
792 993 823 1058 ei
838 993 991 1060 annulum
1006 1015 1098 1060 suum
1114 992 1170 1058 de-

187 1115 280 1181 disse.
335 1111 579 1178 Frandseninm*
596 1113 689 1198 hujus
721 1111 910 1201 suspicionis
937 1133 1012 1178 suae
1041 1133 1170 1178 causam

188 1236 328 1324 aliquam
350 1232 491 1300 attulisse
512 1231 638 1298 vellem.
684 1229 782 1312 Quod
797 1253 876 1297 vero
893 1253 990 1320 quum
1003 1253 1073 1298 non
1088 1231 1171 1299 fece·

187 1357 250 1437 rit,
281 1354 377 1419 liceat
399 1352 501 1434 mihi,
531 1349 608 1438 quid
638 1348 678 1415 de
702 1349 762 1416 int
788 1349 970 1439 suspicione
998 1371 1166 1431 censeam,

187 1475 288 1541 libere
305 1471 481 1538 declarare.
528 1467 684 1557 Equidem
701 1493 777 1558 sane
791 1492 860 1534 non
874 1467 986 1552 video,
1002 1467 1168 1556 quomodo

186 1594 256 1682 qnis
280 1593 316 1656 in
342 1611 467 1654 summo
483 1588 574 1654 ,vitae
589 1587 773 1655 discrimine
788 1611 935 1671 venans,
961 1603 995 1652 et
1008 1603 1166 1671 mortem,

189 1725 264 1776 ante
289 1708 401 1773 oculos
421 1723 557 1772 stantem
578 1706 707 1790 videns,
730 1708 829 1798 magia
848 1721 936 1774 metu
951 1707 1081 1776 alterius
1094 1731 1167 1799 per·
1194 1789 1201 1802 ι

189 1827 280 1910 calli,
304 1847 460 1916 quam-ex
479 1825 577 1890 animi
594 1847 687 1890 sensu
702 1847 796 1916 agere
812 1843 846 1892 et
862 1825 1062 1918 voluntatem
1077 1849 1168 1894 suam

188 1945 349 2013 declarare
362 1945 473 2035 possit.
492 1943 578 2026 Quid
591 1946 678 2009 enim
687 1945 763 2042 mali
773 1943 961 2035 impendere
971 1946 1015 2012 ab
1023 1946 1168 2038 Agrippa

186 2081 314 2158 poterat
340 2065 506 2154 Augusto,
538 2063 565 2126 si
591 2061 818 2128 occubuisset?
866 2063 955 2130 Nihil
980 2088 1068 2134 sane.
1122 2066 1167 2130 At

185 2184 272 2252 dicet
293 2185 425 2249 fortasse
447 2183 537 2272 quis:
569 2205 678 2247 nonne
699 2184 807 2272 potuit
828 2183 987 2274 Augustus
1002 2200 1163 2268 meusere,

182 2306 209 2370 si
231 2305 407 2395 Agrippam
430 2302 604 2392 negligeret
626 2301 770 2367 acforte
789 2301 919 2368 fortuni
934 2303 1162 2388 revalesceret,

181 2423 217 2488 id
235 2424 295 2489 sibi
317 2421 532 2512 periculosum
550 2419 645 2486 fore?
689 2419 762 2486 Hoc
782 2420 861 2486 mihi
880 2421 933 2490 vix
948 2421 1103 2493 credibile
1118 2423 1165 2489 vi-

185 2539 295 2624 detur,
319 2542 346 2605 si
369 2538 498 2628 quidem
519 2539 678 2628 Augentus
702 2537 760 2604 illc
776 2539 930 2628 temporis
945 2556 1113 2606 momento
1128 2541 1164 2606 in

182 2660 239 2726 tali
263 2659 408 2750 periculo
431 2659 630 2740 versabatur,
660 2673 697 2723 ut
721 2656 763 2723 de
785 2659 920 2724 sanimte
944 2657 1164 2748 recuperanda

180 2780 234 2845 vix
260 2795 316 2844 aut
344 2802 386 2844 ne
414 2778 469 2843 vix
500 2776 630 2867 quidem
657 2777 800 2868 cogitare
830 2778 970 2866 potuisse
1000 2775 1160 2845 videatur.

183 2897 353 2966 Praeterea
376 2895 520 2962 nondum
545 2896 630 2982 milri⁴
648 2897 722 2962 satis
747 2917 930 2984 persuasum
957 2911 1022 2979 est,
1050 2895 1163 2990 datum

183 3017 333 3082 annulum
358 3039 418 3106 pro
452 3026 542 3082 certo
567 3016 775 3080 successionis
803 3017 896 3105 signo
925 3016 1024 3106 tnagis
1050 3015 1162 3085 haberi

182 3155 294 3225 posse,
317 3157 414 3223 quarn
429 3133 582 3198 anditum
597 3133 763 3218 libellum,
783 3135 900 3222 inquo
915 3137 1113 3210 exercituum
1129 3152 1162 3202 et

179 3253 342 3320 redituum
356 3254 558 3342 publicarum
574 3251 717 3318 indicem
731 3254 982 3345 conscripserat,
1001 3275 1161 3343 quemque

180 3371 288 3440 Pisoni
315 3371 506 3455 tradiderat,
541 3373 729 3462 praesertim
757 3371 845 3460 quod
868 3375 935 3459 jam
960 3381 1055 3448 antea
1081 3372 1160 3438 item

182 3511 271 3556 mum
288 3490 442 3558 annulum
456 3491 618 3582 Agrippae
633 3512 680 3556 ac
695 3490 878 3560 Maecenati
894 3490 1043 3575 dederat,
1067 3509 1159 3559 uteo

182 3622 344 3675 uterentur
363 3607 406 3674 ad
428 3606 642 3698 obsignandas
657 3607 766 3674 literas
782 3631 801 3674 a
816 3631 850 3674 se
867 3608 908 3675 ad
924 3625 1068 3690 senatum
1084 3609 1159 3676 mis-

180 3747 229 3790 sas
245 3725 304 3816 (ι).
338 3727 425 3809 Quid
440 3725 555 3817 plura?
584 3724 720 3795 Videtur
737 3726 815 3800 mihi
831 3726 989 3817 Augustus
1003 3727 1061 3792 illc
1077 3743 1158 3794 tem·
1292 3795 1293 3800 ,

179 3867 261 3935 pore
275 3865 335 3933 per
345 3846 436 3912 num
452 3845 561 3914 annuli
574 3844 780 3920 traditionem
794 3847 897 3936 magis
908 3871 1005 3928 suum,
1012 3869 1155 3913 amorem

207 4103 251 4174 (t)
271 4102 320 4156 llio
338 4101 411 4156 Gaas.
430 4101 489 4156 lib.
507 4103 552 4156 tt.
568 4118 624 4172 cap.
642 4103 669 4156 8.
