3016 5204
794 436 836 500 22

335 649 463 728 statae,
499 655 520 731 ἤ
546 655 756 733 φονευθῆναι,
783 649 937 714 nonnulla
963 651 1094 716 referre.
1142 649 1251 732 Quum
1270 652 1321 714 ni·

335 767 452 830 mirum
477 769 634 857 Augustus
656 768 869 858 intelligeret,
894 769 1089 860 Agrippam,
1112 769 1138 834 si
1154 769 1333 834 connubio'

338 890 530 973 conjunctus
557 903 640 952 esset
666 911 741 984 cum
770 889 869 971 tulit,
901 892 1057 976 majorem
1084 888 1180 953 etiam
1205 903 1326 978 puten-

338 1007 415 1072 tiam
442 1007 475 1071 in
501 1029 537 1071 re
554 1007 683 1096 publica
706 1008 888 1072 habiturum
909 1027 995 1089 esse,
1020 1021 1114 1096 atque
1130 1005 1171 1071 de
1185 1029 1227 1072 eo
1243 1027 1322 1071 aon·

335 1125 480 1190 suluisset
496 1125 735 1210 Maecenatem,
752 1127 804 1192 hic
821 1126 1022 1218 respondisse
1037 1121 1137 1192 featur
1149 1125 1222 1210 itta,
1236 1147 1320 1214 quae

337 1242 438 1308 modo
456 1244 564 1310 retuli.

381 1360 556 1443 Quaeritur
568 1363 678 1453 igitur,
695 1379 803 1430 utrum
814 1363 984 1429 Maecenas
995 1363 1045 1428 his
1057 1363 1163 1431 verbis
1175 1365 1321 1452 Augusto

338 1481 471 1546 suadere
499 1505 536 1547 re
559 1484 636 1548 verit
663 1482 818 1568 voluerit,
841 1499 881 1548 ut
902 1483 1077 1574 Agrippam
1095 1498 1151 1547 aut
1168 1503 1321 1572 genarum

339 1601 400 1666 sibi
416 1616 569 1679 sumeret,
588 1611 658 1685 aut,
674 1604 699 1665 si
715 1599 750 1665 id
765 1601 871 1666 fauere
888 1599 1008 1684 nollet,
1022 1621 1095 1666 eum
1111 1599 1315 1666 interficeret.

385 1720 559 1784 Audiamus
581 1723 688 1810 priano
708 1719 784 1786 loco
802 1720 973 1786 sententias
989 1721 1133 1786 virorum
1147 1719 1321 1786 doctorum

339 1840 381 1904 de
406 1841 469 1904 hae
499 1862 546 1905 re.
606 1838 749 1904 Muretus
779 1841 822 1906 ita
854 1839 1017 1928 loquitur:
1058 1839 1197 1906 Eventus
1225 1845 1327 1928 agritia

341 1959 511 2050 (Agrippa)
535 1957 581 2023 ad
601 1958 689 2023 illam
702 1965 879 2047 potentiam
898 1955 954 2046 (ud
968 1957 1098 2022 tertium
1113 1955 1330 2044 consulatum)

340 2103 412 2145 cam
446 2093 479 2144 et
505 2078 622 2168 populo
657 2085 749 2142 tiniae
777 2101 873 2141 curus
899 2089 1002 2160 esset,
1034 2090 1069 2141 et
1097 2075 1185 2164 apud
1210 2074 1332 2140 milites

341 2206 529 2265 auctoritate
553 2197 708 2285 polleret,
743 2208 781 2261 ut
807 2203 864 2286 qut
898 2204 932 2260 in
963 2204 1079 2260 eastris
1101 2195 1200 2262 simili
1229 2209 1330 2286 atque

341 2323 505 2408 Ategustus
530 2316 734 2382 tabernaculo
751 2327 906 2398 uteretur,
929 2291 1029 2406 aeque
1051 2330 1147 2407 atque
1161 2319 1332 2405 Augustus

341 2437 495 2504 militibus
511 2409 638 2526 sz'gnuna
659 2435 771 2500 daret:
784 2438 858 2524 jam
878 2443 956 2524 nisi,
977 2443 1035 2526 qui
1057 2457 1128 2500 eum
1150 2435 1330 2519 extulerat,
1359 2485 1369 2512 ,

339 2562 485 2648 Augtuto
502 2554 737 2644 formidoloszu
764 2554 864 2619 uideri
884 2567 1032 2644 poterat:
1054 2557 1128 2642 jam
1152 2553 1327 2644 optandum

339 2691 427 2762 erat,
450 2689 486 2739 ut
509 2676 655 2762 Agrippa
678 2670 816 2736 secundo
841 2672 909 2736 loco
934 2685 1099 2737 contentus
1119 2675 1216 2754 foret.
1263 2675 1324 2739 Pu·

340 2811 415 2863 tant
431 2807 558 2875 autem,
591 2791 651 2856 hoe
675 2788 905 2856 observandam
928 2800 1079 2872 essetis,
1114 2815 1247 2882 quoram
1265 2815 1318 2882 po·

343 2923 443 2984 tentia
468 2933 534 2976 nan
562 2917 644 2975 satis
670 2909 776 2974 adhue
797 2909 883 2975 altas
908 2910 1039 2975 radices
1058 2889 1142 3000 egit,
1166 2925 1202 2975 ut
1223 2912 1323 2990 fhrtes

345 3044 448 3118 viros,
480 3045 512 3097 et
537 3028 693 3120 aquibus
719 3036 884 3094 imminere
901 3043 1009 3120 potest
1026 3029 1153 3120 aliquid
1165 3031 1325 3120 periculi,

343 3168 402 3221 aut
423 3177 443 3218 e
467 3149 573 3216 undio
596 3148 725 3232 tollunt,
750 3148 894 3238 nequid
916 3171 1067 3216 novarum
1093 3172 1198 3214 rerum
1221 3149 1328 3216 moliri

339 3277 483 3366 possint,
508 3279 565 3332 aut
586 3275 633 3330 ita
657 3265 721 3329 sihi
745 3265 943 3348 devinciant,
967 3289 1008 3330 ne
1028 3267 1135 3332 velim.
1181 3267 1327 3332 Alterum

343 3395 507 3460 honestius
528 3399 560 3450 et
586 3383 757 3450 humanius
786 3390 851 3468 est,
885 3385 1019 3452 alterum
1048 3393 1146 3451 tutius
1171 3386 1324 3454 creditur.

343 3515 457 3602 Itaque
479 3507 672 3586 Maecenas,
703 3510 773 3593 qui,
806 3517 843 3568 ut
862 3503 956 3586 diei,
985 3511 1019 3568 in
1042 3511 1164 3569 intimis
1186 3507 1327 3594 Augusti

343 3642 430 3714 erat,
455 3647 553 3692 ausus
571 3637 621 3688 est
639 3629 670 3686 ei
691 3619 814 3707 dicere,
837 3645 874 3686 eo
894 3645 963 3687 rem
984 3646 1053 3688 esse
1068 3620 1275 3714 perductam,
1292 3637 1329 3690 ut

342 3753 489 3840 Agrippa
512 3757 571 3810 aut
594 3741 851 3826 interficiendus,
882 3755 943 3807 aut
964 3765 1070 3832 gener
1087 3741 1258 3832 faciendus
1281 3765 1328 3808 es·

341 3875 390 3934 'set
405 3863 464 3958 (1).
511 3861 696 3928 Gebauerus
715 3860 758 3925 ob
777 3859 856 3924 illud
872 3857 993 3928 dictum
1010 3862 1149 3952 graviter
1164 3862 1324 3928 invehitur

356 4023 639 4042 ...η-Μ

377 4120 419 4191 (t)
433 4115 538 4170 ‘Tamus
553 4116 598 4170 IV.
618 4133 676 4185 pag.
695 4113 739 4168 25.
