3016 5204
648 492 689 558 tu

173 706 323 776 historiae
348 722 476 797 portem
501 703 599 770 fusius
625 701 790 794 exposuit,
814 701 904 766 illum
924 702 1002 766 item
1027 701 1154 766 silentio

176 827 374 917 praeterierit
403 840 435 890 ct
463 819 669 890 solummodo
697 819 739 888 de
763 841 804 886 eo
832 820 959 885 locutus
985 818 1044 902 sit,
1067 817 1155 907 quod

173 947 335 1038 Agrippae
360 941 558 1034 displicuerit
579 964 614 1008 sc
636 937 793 1006 Marcello
817 938 1032 1028 postpositum
1060 936 1155 1004 fuisse

174 1065 216 1132 ub
248 1065 416 1154 August03
451 1077 507 1127 aut
544 1062 648 1146 major
679 1055 757 1126 lidos
787 1057 919 1146 reliquis
947 1057 1157 1147 scriptoribus

174 1182 310 1250 omnino
340 1177 488 1246 habenda
513 1177 657 1262 videtur,
688 1187 762 1262 sut,
796 1175 912 1244 omissi
940 1176 1096 1266 particuli
1124 1190 1156 1242 et
1289 1175 1295 1182 ’

176 1301 363 1392 simpliciter
375 1297 561 1392 legendum,
573 1321 669 1388 quum
678 1320 722 1362 en
735 1297 801 1363 leni
814 1297 948 1386 frigoris
960 1303 1155 1386 suspicione,

177 1421 264 1512 quod
283 1419 459 1488 Marcellus
488 1416 553 1482 sibi
582 1418 807 1506 anteferretur.
861 1415 967 1505 Atque
999 1431 1036 1482 ut
1064 1417 1109 1482 ita
1140 1437 1159 1484 a

176 1539 334 1608 Suetonio
362 1538 516 1626 scriptum
540 1551 704 1626 putemus,
726 1535 794 1626 ipsc
813 1534 984 1602 Suetonius
1008 1533 1161 1624 quodam-

175 1658 278 1728 ruodo
306 1669 480 1739 monstrat,
506 1655 561 1743 qui
589 1655 653 1722 clio
682 1655 758 1722 loco
777 1653 825 1745 (r)
854 1653 951 1744 dicit,
982 1656 1163 1746 Agrippam·

176 1776 348 1866 Mitylene
373 1751 494 1840 nuttam
517 1773 611 1840 atam
630 1773 675 1840 oo
692 1796 822 1842 causam
839 1775 970 1858 abusu,
996 1775 1056 1842 nisi
1072 1773 1159 1864 quos

178 1893 225 1962 Μ.
242 1893 413 1962 Marcellus
428 1891 470 1959 ad
484 1913 617 1960 munera
630 1891 761 1982 publica
776 1890 925 1960 admotus
939 1893 1058 1962 luisset.

225 2011 346 2082 Verum
370 2009 665 2101 quomodocunque
688 2011 753 2080 hoc
779 2013 971 2097 schabest,
995 2011 1097 2080 nihilo
1113 2037 1162 2080 se·

179 2131 248 2198 cius
268 2146 379 2196 umen
394 2153 513 2220 operae
529 2131 669 2222 pretium
683 2152 751 2198 esse
765 2146 846 2224 puto
861 2127 903 2198 de
917 2130 981 2200 hoc
995 2131 1073 2200 loco
1088 2132 1165 2200 Sue·

181 2249 263 2318 touii
279 2246 436 2340 qusedm
452 2247 584 2318 addere.

224 2367 369 2433 Primum
396 2364 613 2455 quaerendum
644 2383 710 2450 cst,
733 2366 810 2456 quid
836 2370 968 2436 nominc
989 2377 1166 2458 patientias

179 2487 351 2556 Suetonius
373 2485 525 2568 volucrit,
553 2501 660 2552 utrum
680 2487 949 2574 perseverantiam
968 2487 1001 2552 in
1018 2487 1163 2576 agendo,

179 2628 222 2672 nn
242 2626 321 2672 rsoo
341 2604 376 2670 in
390 2601 565 2670 obcdr'endn
581 2604 718 2694 positum
739 2603 976 2694 significaverit.
1022 2605 1104 2674 Mihi
1120 2608 1165 2673 vi·

181 2722 278 2792 detur
301 2723 473 2790 Suetonius
493 2745 560 2790 non
583 2720 624 2788 de
640 2722 750 2812 priore
767 2724 938 2814 patientiae
953 2745 1089 2814 genere,
1109 2724 1167 2794 scd

180 2840 224 2908 tls
247 2843 427 2932 posteriorc
448 2842 621 2932 cogitasse,
645 2841 672 2906 si
695 2841 824 2930 quidem
846 2843 988 2932 Agrippa
1004 2867 1168 2933 nunquam

183 2971 216 3026 et
236 2983 391 3050 nusquam
411 2957 608 3042 ostenderit,
631 2982 667 3026 se
694 2959 841 3030 laborem
857 2961 918 3028 sihi
931 2962 1118 3031 mandatum
1133 2981 1168 3034 ct

184 3076 368 3166 impositum
389 3080 495 3162 ferre,
521 3094 577 3143 aut
592 3099 659 3143 non
674 3100 785 3169 posse,
807 3089 943 3147 autnon
958 3082 1051 3150 velle.
1095 3083 1166 3150 Jcm

185 3210 311 3279 autem,
341 3194 429 3285 quod
459 3193 502 3260 ad
529 3193 701 3262 obediendi
727 3199 994 3288 perseverantiam
1024 3189 1165 3292 spectat,

183 3315 270 3381 illurn
289 3314 323 3380 iu
340 3315 483 3405 Agrippi
497 3315 551 3380 alii
566 3316 738 3406 scriptores
753 3339 819 3384 uon
833 3316 1032 3405 desiderunt,
1054 3343 1165 3389 verum

182 3432 324 3500 laudant.
371 3433 480 3500 Testes
506 3433 573 3500 cito
596 3457 615 3500 c
639 3425 758 3502 Latinis
781 3435 921 3506 Plinium
942 3455 975 3506 et
998 3441 1164 3512 Aurelium

185 3548 364 3620 Victorem.
415 3551 475 3618 llle
499 3555 584 3619 inter
607 3553 833 3640 incommoda,
862 3559 975 3645 quihus
1003 3561 1164 3649 subjectus

183 3665 278 3736 luerit
303 3672 468 3764 Agrippa,
491 3671 591 3738 etium
613 3683 847 3740 commemorat
867 3683 972 3744 socer-t
983 3701 1164 3771 praegrave

184 3793 343 3856 servitium
359 3789 424 3882 (n),
450 3789 562 3886 quibus
588 3791 695 3860 serbis
717 3793 805 3862 huuc
830 3795 1021 3888 scriptorem
1047 3799 1165 3893 signifi-

210 4083 253 4151 (Ι)
274 4083 332 4136 vit·
349 4083 410 4136 tib.
426 4102 483 4156 ctp.
500 4089 544 4142 to.

209 4169 251 4238 (2)
271 4169 336 4222 uto.
355 4169 414 4221 Not.
432 4169 492 4224 tib.
510 4172 568 4226 vu.
585 4192 642 4243 cap.
660 4177 686 4226 8.
