3016 5204
641 462 682 528 tt

138 679 292 748 lentiee
317 674 462 760 deditum
480 675 601 742 feisse·
634 673 749 763 Neque
768 675 863 740 etiam
884 697 923 740 ex
939 673 1034 742 Plinii
1049 676 1155 741 verbis

146 797 387 866 demonstrari
408 804 515 885 potest
537 791 718 860 moderatio
741 795 838 861 animi
859 794 1036 886 Agrippae,
1059 817 1155 885 quarn

147 916 241 985 inde
261 916 420 1006 colligere
435 913 536 980 noluit
545 910 737 980 Gebouerus
751 911 813 1002 (r).

211 1272 291 1340 Etsi
302 1276 374 1361 jesu·
384 1271 460 1354 setis
474 1268 632 1352 multade
647 1269 755 1334 Plinio
770 1269 927 1354 diximus,
951 1285 1058 1341 tenren
1075 1291 1157 1336 non·

161 1393 268 1460 nulle
282 1391 392 1459 adhuc·
404 1388 540 1456 dicenda
556 1390 648 1454 nobis
661 1405 841 1480 supersunt.

213 1509 443 1578 Fraudse'nios·
455 1529 522 1574 nou
542 1503 652 1573 modo'
665 1505 764 1591 dicit,
789 1507 929 1572 Plinium
944 1507 1158 1574 honorificum

159 1629 525 1720 quidemvm‘enrioaem
549 1625 591 1692 de
607 1624 773 1694 sentiente
791 1626 953 1716 Agrippae
975 1625 1104 1710 iecisse,
1126 1641 1159 1692 et

156 1745 354 1814 dolendum
374 1771 463 1830 esse,
486 1745 574 1835 quod
596 1746 687 1836 plura
703 1767 768 1810 non
785 1745 946 1827 retulerit,
971 1745 1158 1834 praesertim

161 1889 254 1932 cum
280 1866 338 1957 ipsi
365 1867 529 1956 Agrippae
554 1867 671 1955 scripte
697 1863 737 1930 nd
757 1886 871 1928 manus
886 1863 1023 1948 luerint,
1046 1887 1159 1930 verum

158 1986 275 2050 etiem
289 1984 630 2067 coutendit,.Pliuiunr
647 2007 713 2049 nou
729 1984 805 2049 selis
821 1999 971 2050 accurate
986 1981 1026 2048 de
1042 1983 1159 2073 'Agrip-

161 2127 236 2193 pne
250 2101 415 2169 aedilitate
427 2103 587 2192 scripsisse
603 2101 663 2191 (a).

216 2220 321 2304 Quod
336 2220 376 2288 ad
392 2225 478 2311 prius
494 2223 624 2301 attinet,
650 2244 715 2311 quo
731 2221 852 2286 Plinius
866 2219 986 2287 dicitur
1001 2243 1066 2286 nou
1083 2221 1158 2288 satis

167 2341 278 2408 multe
293 2339 459 2408 tradidisse
479 2340 520 2408 de
538 2341 699 2408 aedilitate
714 2342 894 2432 Agrippae,
910 2341 1023 2408 lubens
1037 2341 1156 2425 fateor,

170 2459 352 2548 optandum
366 2460 478 2544 tuen,
499 2476 536 2525 ut
546 2461 640 2549 plura
654 2484 672 2525 s
686 2459 791 2525 Plinio
806 2459 908 2526 relata
922 2474 1044 2543 esseut,
1067 2482 1158 2548 pree·

171 2577 288 2646 sertim
314 2601 387 2644 eum
412 2599 491 2668 opus
518 2580 680 2670 Agrippae
706 2579 746 2644 de
772 2579 947 2645 Aedilitate
972 2578 1083 2670 legisse
1109 2579 1156 2644 vis

174 2692 301 2763 destur.
344 2695 407 2762 Sed
423 2698 449 2762 si
464 2698 630 2764 nobiscum
647 2715 847 2789 reputamus,
865 2721 962 2787 quern
977 2699 1084 2764 multis
1099 2723 1156 2764 ne·

172 2815 272 2906 gotiis
286 2815 457 2882 obstrictus
470 2816 566 2882 fuerit
580 2818 717 2902 Plinius,
742 2841 877 2906 eumque
893 2818 1016 2883 nullum
1036 2818 1156 2884 librum

173 2933 306 3025 legisse,
331 2957 426 3025 quem
443 2959 516 3003 ,uon
540 2953 742 3028 excerperet,
767 2954 800 3004 et
816 2938 910 3003 simul
925 2936 1152 3022 recordamur,

176 3074 199 3118 s
235 3053 517 3122 verosimilitudine
548 3057 733 3144 neutiquam
763 3058 957 3141 abhorrere,
991 3057 1155 3148 Agrippae

171 3173 296 3263 scripte
321 3181 423 3242 aetate
444 3174 540 3240 Plinii
561 3175 668 3241 adhuc
686 3177 760 3240 satis
784 3177 915 3266 cognite
932 3191 965 3240 et
979 3175 1153 3266 legentium

166 3294 321 3360 menibus
335 3296 395 3360 teri
406 3294 499 3361 solita
510 3296 617 3380 ftdsse,
632 3317 698 3360 uon
713 3295 815 3362 ‘modo
827 3295 922 3362 facile
933 3295 1153 3362 excusabimus

167 3410 334 3498 Plinium,
357 3412 445 3502 quod
464 3413 615 3504 pletrude
636 3414 703 3480 lroc
726 3430 915 3505 argumento
937 3438 1003 3480 nou
1019 3415 1153 3505 seripse-

164 3531 227 3617 sit,
249 3555 364 3620 verurn
374 3533 473 3598 edent
482 3535 689 3604 mentimur
699 3532 805 3598 Plinio
815 3534 934 3620 Juoiori
950 3532 992 3599 de
1005 3535 1152 3600 avunculi

166 3653 219 3716 sui
231 3651 358 3740 scriptis
370 3652 486 3743 agenti,
499 3668 531 3718 et
543 3675 638 3742 quarn
647 3652 747 3718 multa
759 3652 921 3742 scripserit
930 3653 1079 3720 referenti
1090 3651 1149 3743 (3).

172 3857 373 3873 .oa-*⁴³*—
377 3863 476 3873 ...m—,-

202 3976 247 4045 (1)
267 3973 327 4027 llll.
344 3973 414 4026 laud.
430 3995 489 4047 prg.
504 3977 569 4030 8³3.

205 4060 249 4129 (2)
270 4058 421 4125 Prendssu,
438 4060 651 4133 Lth.1sud.psg.
668 4061 716 4122 62.
735 4060 785 4115 15⁰
799 4070 824 4111 et
838 4057 900 4111 201.

207 4143 250 4213 (³)
270 4143 329 4197 Lib.
345 4143 393 4198 ΙΙΙ.
408 4144 485 4213 epist.
501 4146 527 4196 t.
949 4155 952 4160 '
