3016 5204
839 436 882 502 26

368 651 418 717 bis
440 649 559 715 Consul
582 647 643 716 luit
668 646 729 737 (1).
775 649 846 715 Janr
861 663 969 716 autem
986 650 1097 738 quanti
1116 671 1191 718 eum
1206 653 1366 720 muma-

367 771 449 838 rerit
462 769 640 859 Augustus,
655 767 812 856 imprimis
827 768 926 837 etiam
940 784 1084 858 apparet,
1098 767 1188 858 quod
1200 769 1235 834 in
1248 769 1361 838 altero

366 887 425 955 illo
439 887 605 953 consulatu
619 887 648 952 ei
662 885 848 954 Marcellam
864 909 997 952 uxorem
1016 885 1160 972 dederit,
1178 899 1230 972 et,
1245 889 1360 978 quod,

366 1009 435 1098 ipsa
455 1006 574 1072 morbo
598 1003 790 1095 impeditus,
814 1007 984 1094 quominus
1004 1004 1087 1074 ludis
1106 1008 1141 1074 in
1162 1009 1359 1076 memoriam

365 1125 520 1191 victoriae
541 1123 695 1190 Actiacae
720 1123 869 1192 instiuatis
893 1130 1072 1214 praeesset,
1097 1127 1261 1218 Agrippae
1275 1149 1360 1196 con·

367 1246 519 1329 cesserit,
543 1260 580 1308 ut
605 1243 679 1309 illos
701 1242 788 1308 solus
809 1257 919 1334 ageret
939 1243 1000 1333 (a).
1046 1242 1132 1327 Quin
1151 1246 1248 1312 etiam
1263 1245 1358 1314 ride·

367 1386 437 1430 mus
451 1365 628 1457 Agrippam
646 1363 687 1429 ab
708 1361 854 1453 Augusto
868 1361 1068 1452 praefectum
1083 1363 1195 1432 ltaliae
1209 1367 1357 1436 uomina·

366 1499 437 1554 tum
450 1483 564 1565 fuisse,
589 1503 654 1570 quo
667 1497 816 1571 ternpore
830 1481 899 1571 ipse
913 1480 1073 1572 Augurum
1092 1483 1127 1550 in
1145 1485 1292 1576 Aegypto
1308 1483 1357 1554 ud

367 1627 419 1671 res
436 1600 634 1669 ordinandas
651 1609 919 1668 commoraretur.

412 1720 557 1787 Tandem
572 1721 669 1787 etiarn
687 1720 863 1810 Augustus,
876 1720 1014 1788 incensis
1029 1721 1193 1815 Agrippae
1205 1721 1354 1808 aedium,

367 1841 472 1933 ipsum
497 1841 532 1905 in
548 1839 701 1931 palatimn
715 1861 808 1904 suum
827 1840 973 1932 recepit,
997 1850 1031 1906 et
1044 1840 1131 1906 huuc
1147 1840 1178 1906 ei
1192 1841 1355 1908 honorem

368 1960 501 2045 habuit,
525 1975 562 2024 ut
588 1958 707 2050 nuptiis
734 1957 836 2024 Iuliae
863 1979 938 2024 cum
963 1957 1123 2028 Marcello
1150 1959 1355 2030 caelebrandis

368 2085 530 2170 praeesset
553 2076 613 2168 (3).

414 2197 505 2280 Quae
527 2197 651 2276 omnia,
674 2197 792 2285 quibus
808 2196 910 2262 multa
929 2197 990 2264 alia
1005 2196 1101 2264 fecile
1114 2195 1188 2266 eddi
1204 2216 1354 2290 possent,

369 2319 397 2384 si
419 2318 586 2384 nobiscum
613 2315 703 2381 nulli
722 2314 941 2406 praejudicati
963 2318 1118 2407 opinione
1139 2317 1286 2410 impediti
1302 2343 1354 2386 re·

368 2453 536 2530 putamus,
562 2437 695 2502 omnino
714 2457 843 2502 necesse
863 2445 910 2502 est
926 2451 962 2502 ιιι
976 2435 1151 2521 fateamur,
1177 2439 1352 2530 Augustum

368 2556 449 2626 nihil
476 2555 610 2622 omnino
632 2553 710 2620 mali
735 2577 752 2620 a
773 2571 864 2644 parte
886 2555 1048 2646 Agrippae
1074 2556 1138 2625 sibi
1165 2555 1350 2646 imperulere

369 2675 564 2765 suspicatum
588 2695 669 2742 esse.
720 2671 807 2738 Nam
834 2674 918 2738 sire
935 2675 1013 2740 reri
1029 2675 1094 2740 hoc
1109 2674 1298 2766 aliquanto,
1315 2691 1346 2744 ut

369 2791 517 2860 nonnulli
541 2803 675 2882 putant,
698 2791 807 2857 locurn
823 2792 1002 2876 habuisset,
1026 2793 1187 2884 Augustus
1203 2792 1238 2860 id
1253 2795 1343 2861 libere

368 2930 404 2980 et
427 2914 495 2978 sine
520 2912 588 2978 ullo
614 2927 701 2978 metu
727 2926 964 3001 postmortem
990 2914 1153 3004 Agrippae
1179 2936 1253 2982 cum
1285 2913 1349 2980 ali'u

370 3033 482 3100 amicis
510 3031 749 3099 communicare
767 3030 936 3121 ,potuisset
999 3029 1065 3097 Sed
1089 3031 1166 3122 quid
1189 3033 1267 3100 fecit
1284 3035 1349 3100 Au·

371 3151 506 3246 gustus?
548 3149 624 3217 Non
647 3149 749 3216 modo
771 3151 895 3240 saepius
920 3149 1061 3218 ostendit
1081 3175 1116 3218 se
1133 3168 1226 3243 grato
1244 3153 1351 3218 animo

370 3275 486 3340 merita
508 3272 671 3363 Agrippae
687 3292 879 3360 agnoscere,
903 3270 1023 3362 quippe
1041 3273 1095 3360 qui
1110 3272 1182 3338 filiis
1197 3274 1265 3360 ejus
1280 3293 1354 3362 per·

371 3409 470 3484 petuo
485 3389 707 3474 benefaceret,
725 3409 843 3477 eosque
859 3411 969 3455 amore
984 3390 1134 3481 singulari
1148 3391 1351 3483 amplectere·

381 3623 705 3644 Η

404 3788 447 3860 lt)
466 3787 537 3841 Veli.
560 3787 613 3839 ret.
629 3783 689 3838 mh.
708 3782 744 3835 ll.
757 3799 814 3854 cap.
831 3781 877 3836 90.
895 3786 1016 3836 emiolia
1030 3784 1169 3852 Principia
1182 3799 1242 3836 eum
1256 3785 1293 3838 ad
1302 3789 1357 3836 ter·

469 3875 537 3926 tium
549 3869 718 3924 emissem
738 3873 868 3921 mereret.
903 3867 1025 3934 incitus,
1046 3868 1117 3922 Aun.
1135 3869 1195 3922 Lib.
1213 3870 1235 3922 1.
1258 3887 1313 3939 cap.
1329 3869 1354 3920 8.

468 3955 667 4024 Augurinum.
685 3955 837 4021 Agrippam
849 3955 991 4020 geminatis
1008 3955 1188 4008 maculatione
1205 3955 1309 4007 extulit.

407 4045 449 4112 (A)
469 4043 517 4096 llio
532 4039 604 4094 Gars.
620 4038 682 4091 Lib.
700 4036 769 4092 tul.
785 4055 843 4107 cap.
862 4039 888 4091 1.

406 4131 450 4200 (3]
470 4129 518 4182 llio
531 4127 603 4182 Ores.
619 4126 678 4178 nib.
696 4124 766 4178 Ltlt.
783 4143 839 4195 cup.
857 4123 901 4176 2⁷.
