3016 5204
817 417 859 481 at

387 625 513 698 Deinde
529 628 594 698 alio
610 628 686 696 loeo
696 625 746 720 (r)
763 625 863 695 dicitr

893 832 987 916 (intem
1007 831 1075 894 berte
1096 849 1194 894 notam

408 937 548 997 Porticus
569 937 745 1022 Agrippae,
766 950 797 1032 et
820 942 868 997 via
890 950 920 997 te
941 942 1128 1022 conspexerit
1148 938 1248 1022 Appi5

405 1040 452 1098 Ite
474 1055 569 1100 tamen
591 1051 706 1112 restat,
728 1039 825 1100 Numa
847 1061 902 1122 quo
926 1039 1058 1111 devenit,
1079 1053 1110 1100 et
1130 1040 1237 1100 Ancus.

383 1228 458 1294 Hor
483 1226 573 1293 dieto
599 1226 684 1293 inter
709 1225 936 1318 pretiosissima
956 1240 989 1292 et
1010 1226 1322 1318 magnificentissima

228 1381 230 1386 ·
340 1369 440 1438 opera
454 1345 553 1413 refert
565 1345 727 1436 Agrippae
742 1346 906 1437 porticum
921 1361 955 1412 et
969 1345 1057 1412 viam
1074 1345 1224 1436 Appiam.

383 1465 531 1554 Denique
545 1465 641 1530 tertio
656 1463 732 1530 loeo
744 1465 780 1529 in
794 1463 938 1556 Epistold
952 1461 994 1530 ad
1006 1463 1127 1530 loeium
1144 1463 1181 1530 fit
1194 1465 1320 1532 mentio

338 1585 501 1676 Agrippae
515 1592 668 1672 tanquam
685 1581 919 1648 Cantabrorum
934 1583 1066 1650 victoris
1076 1582 1135 1674 (a).

383 1703 538 1786 Quamvis
559 1703 656 1793 igitur
678 1701 832 1768 Horatius
857 1702 891 1766 in
910 1701 1021 1768 Satiris
1043 1716 1076 1768 et
1092 1701 1244 1792 Epistolis
1257 1703 1323 1768 suis

339 1843 413 1889 raro
429 1833 555 1888 tantum
571 1822 769 1888 mentionem
785 1820 898 1887 fecerit
913 1821 1092 1913 Agrippae,
1117 1837 1224 1888 tamen
1239 1822 1323 1888 haee

339 1941 401 2006 tria
426 1939 500 2006 loca
524 1939 598 2006 satis
624 1937 790 2023 indicant,
814 1961 889 2006 eum
913 1960 1070 2029 nusquam
1093 1937 1239 2006 debitum
1263 1939 1325 2006 ho-

339 2080 453 2124 norem
480 2057 641 2150 Agrippae
661 2081 728 2123 non
750 2057 916 2142 habuisse,
941 2060 1127 2148 praesertim
1143 2081 1242 2149 qaum
1255 2059 1325 2126 ani·

338 2201 428 2244 mum
444 2177 646 2244 advertamus
661 2177 703 2243 ad
718 2176 939 2259 difficultates,
957 2199 1055 2266 quae,
1070 2189 1151 2244 teste
1166 2178 1325 2264 Horatio,

339 2298 373 2364 in
386 2296 570 2389 subigendis
585 2297 754 2364 Cantabris
770 2297 896 2389 positae
911 2298 1029 2364 inerint
1040 2296 1100 2388 (3).

385 2416 459 2483 Huc
482 2415 614 2483 tandem
640 2415 766 2483 accedit
791 2416 930 2482 Carmen
953 2415 1113 2508 singulare
1138 2416 1267 2485 Horatii
1282 2415 1325 2483 ad

339 2535 518 2626 trinam
533 2535 594 2625 (a

383 2653 434 2718 De
446 2653 512 2718 hoc
528 2654 626 2744 igitur
642 2651 792 2718 Carmine
807 2654 918 2743 ingene
934 2667 982 2718 est
996 2651 1140 2718 virorum
1151 2650 1317 2720 doctorum

338 2769 572 2862 discrepantia,
597 2787 662 2838 tam
680 2770 768 2860 quod
787 2768 828 2838 ad
848 2793 997 2856 causam,
1020 2795 1078 2838 cur
1090 2771 1312 2862 scriptumsit,

216 2969 219 2986 ,
339 2890 470 2975 attinet,
495 2911 592 2979 quam
609 2912 691 2979 quae
705 2890 790 2957 iliius
805 2891 1000 2981 praestantia
1013 2891 1126 2957 haberi
1142 2889 1270 2958 debeat.

340 3183 344 3191 ,
368 3131 415 3203 (i)
433 3131 494 3186 ttt.
513 3130 536 3187 1.
551 3132 629 3202 spirt.
646 3131 675 3186 Β.
690 3147 730 3186 rs.
746 3132 792 3186 11.
806 3147 869 3203 sqq.

370 3216 416 3288 (2)
434 3216 496 3272 tib.
516 3218 539 3269 1.
555 3217 632 3288 epist.
646 3215 690 3270 11.
707 3233 747 3270 rs.
764 3215 809 3271 26.

373 3299 417 3370 (3)
436 3298 498 3353 Lib.
514 3299 551 3354 11.
567 3303 648 3353 earm.
665 3300 692 3352 ii.
705 3315 747 3366 rs.
760 3299 787 3353 2.

529 3411 692 3465 cantabriam
708 3413 843 3466 indoctum
853 3416 925 3482 juga
933 3415 1008 3484 ferre
1022 3423 1123 3471 nostra.

435 3531 495 3586 Lib.
513 3525 562 3586 nt.
578 3535 659 3588 serm.
674 3534 702 3587 8.
719 3549 758 3586 rs.
777 3533 820 3588 tt.

577 3653 667 3707 Servii
681 3655 818 3726 Hispanae
832 3661 906 3709 vetas
922 3657 1004 3710 hortis
1020 3674 1082 3711 orae

579 3739 727 3805 Cantaber,
743 3741 805 3792 eerd
818 3739 933 3792 domitur
949 3741 1051 3795 eamd.

437 3855 497 3910 Lib.
515 3855 563 3910 Π.
580 3873 662 3910 eum.
679 3857 723 3910 tt.
740 3873 780 3912 rt·
798 3858 842 3912 ii.
933 3865 936 3872 '

579 3980 617 4031 Te
635 3979 767 4032 Cantaber
779 3996 832 4032 nost
848 3985 908 4032 ante
920 3967 1068 4032 domabilis.

372 4093 416 4162 (1)
434 4093 494 4146 Lib.
511 4091 533 4147 1.
547 4111 626 4146 earm.
641 4095 667 4146 6.
